{"amount": 0.00047212, "date": 1644894507, "price": 228088, "tid": 13066605, "type": "sell"}
{"amount": 0.00162534, "date": 1644894532, "price": 227982, "tid": 13066606, "type": "sell"}
{"amount": 2.134e-05, "date": 1644894539, "price": 228103.72771999, "tid": 13066607, "type": "buy"}
{"amount": 0.00109906, "date": 1644894550, "price": 227929.266459, "tid": 13066608, "type": "sell"}
{"amount": 8.588e-05, "date": 1644894552, "price": 228103.67310999, "tid": 13066609, "type": "buy"}
{"amount": 0.00215312, "date": 1644894557, "price": 227929.3730426, "tid": 13066610, "type": "sell"}
{"amount": 0.00031747, "date": 1644894626, "price": 227930.9185048, "tid": 13066611, "type": "sell"}
{"amount": 0.00063522, "date": 1644894637, "price": 227931.131672, "tid": 13066612, "type": "sell"}
{"amount": 0.00043839, "date": 1644894640, "price": 228104, "tid": 13066613, "type": "buy"}
{"amount": 0.00101781, "date": 1644894661, "price": 227931.66459, "tid": 13066614, "type": "sell"}
{"amount": 0.0008361, "date": 1644894690, "price": 228104, "tid": 13066615, "type": "buy"}
{"amount": 6.575e-05, "date": 1644894724, "price": 228104, "tid": 13066616, "type": "buy"}
{"amount": 1.81e-05, "date": 1644894738, "price": 228104, "tid": 13066617, "type": "buy"}
{"amount": 0.0004063, "date": 1644894739, "price": 228104, "tid": 13066618, "type": "buy"}
{"amount": 0.0002302, "date": 1644894744, "price": 227933.4232194, "tid": 13066619, "type": "sell"}
{"amount": 0.00263812, "date": 1644894757, "price": 227933.7429702, "tid": 13066620, "type": "sell"}
{"amount": 6.575e-05, "date": 1644894763, "price": 228104, "tid": 13066621, "type": "buy"}
{"amount": 0.00296989, "date": 1644894796, "price": 228104, "tid": 13066622, "type": "buy"}
{"amount": 4.383e-05, "date": 1644894840, "price": 228104, "tid": 13066623, "type": "buy"}
{"amount": 8.11e-06, "date": 1644894878, "price": 227965.23835, "tid": 13066624, "type": "sell"}
{"amount": 0.0013257, "date": 1644894897, "price": 227965.6646836, "tid": 13066625, "type": "sell"}
{"amount": 0.004384, "date": 1644894924, "price": 228104, "tid": 13066626, "type": "buy"}
{"amount": 0.00774556, "date": 1644894959, "price": 228104, "tid": 13066627, "type": "buy"}
{"amount": 0.00103774, "date": 1644894959, "price": 228104, "tid": 13066628, "type": "buy"}
{"amount": 0.00095632, "date": 1644894959, "price": 228104, "tid": 13066629, "type": "buy"}
{"amount": 0.00605258, "date": 1644894959, "price": 228104, "tid": 13066630, "type": "buy"}
{"amount": 0.0061278, "date": 1644894959, "price": 228105, "tid": 13066631, "type": "buy"}
{"amount": 0.00391977, "date": 1644894970, "price": 228105, "tid": 13066632, "type": "buy"}
{"amount": 0.01187391, "date": 1644894970, "price": 228299.37, "tid": 13066633, "type": "buy"}
{"amount": 0.00021901, "date": 1644894981, "price": 228299.36999, "tid": 13066634, "type": "buy"}
{"amount": 8.76e-05, "date": 1644895006, "price": 228299.36999, "tid": 13066635, "type": "buy"}
{"amount": 0.00054532, "date": 1644895012, "price": 228192.4796762, "tid": 13066636, "type": "sell"}
{"amount": 0.0003224, "date": 1644895017, "price": 228299.36999, "tid": 13066637, "type": "buy"}
{"amount": 0.00055364, "date": 1644895017, "price": 228299.37, "tid": 13066638, "type": "buy"}
{"amount": 0.0438, "date": 1644895226, "price": 228299.36999999, "tid": 13066639, "type": "buy"}
{"amount": 0.00859143, "date": 1644895226, "price": 228299.37, "tid": 13066640, "type": "buy"}
{"amount": 9.636e-05, "date": 1644895278, "price": 228299.37, "tid": 13066641, "type": "buy"}
{"amount": 4.38e-05, "date": 1644895285, "price": 228299.37, "tid": 13066642, "type": "buy"}
{"amount": 0.00086079, "date": 1644895304, "price": 228299.37, "tid": 13066643, "type": "buy"}
{"amount": 0.0001996, "date": 1644895309, "price": 228299.36999999, "tid": 13066644, "type": "buy"}
{"amount": 0.00314013, "date": 1644895321, "price": 228299.36999999, "tid": 13066645, "type": "buy"}
{"amount": 5.583e-05, "date": 1644895412, "price": 228200.9539324, "tid": 13066646, "type": "sell"}
{"amount": 0.00012518, "date": 1644895493, "price": 228299.36999999, "tid": 13066647, "type": "buy"}
{"amount": 0.00017735, "date": 1644895545, "price": 228299.37, "tid": 13066648, "type": "buy"}
{"amount": 0.00057462, "date": 1644895563, "price": 228204.09819, "tid": 13066649, "type": "sell"}
{"amount": 4.402e-05, "date": 1644895608, "price": 228205.00429, "tid": 13066650, "type": "sell"}
{"amount": 4.367e-05, "date": 1644895636, "price": 228299.37, "tid": 13066651, "type": "buy"}
{"amount": 2e-05, "date": 1644895696, "price": 228289.99, "tid": 13066652, "type": "buy"}
{"amount": 7.947e-05, "date": 1644895696, "price": 228299.37, "tid": 13066653, "type": "buy"}
{"amount": 0.00016748, "date": 1644895704, "price": 228207.13606, "tid": 13066654, "type": "sell"}
{"amount": 2.19e-05, "date": 1644895717, "price": 228299.37, "tid": 13066655, "type": "buy"}
{"amount": 0.00087604, "date": 1644895736, "price": 228299.37, "tid": 13066656, "type": "buy"}
{"amount": 0.08000788, "date": 1644895781, "price": 228299.37, "tid": 13066657, "type": "buy"}
{"amount": 0.01751739, "date": 1644895791, "price": 228299.37, "tid": 13066658, "type": "buy"}
{"amount": 0.02794214, "date": 1644895797, "price": 228299.37, "tid": 13066659, "type": "buy"}
{"amount": 0.0001314, "date": 1644895812, "price": 228299.37, "tid": 13066660, "type": "buy"}
{"amount": 0.00438021, "date": 1644895819, "price": 228299.37, "tid": 13066661, "type": "buy"}
{"amount": 0.00021082, "date": 1644895850, "price": 228210.17394967, "tid": 13066662, "type": "sell"}
{"amount": 0.00021143, "date": 1644895858, "price": 228210.28067001, "tid": 13066663, "type": "sell"}
{"amount": 0.02281397, "date": 1644895904, "price": 228299.37, "tid": 13066664, "type": "buy"}
{"amount": 0.00101525, "date": 1644895908, "price": 228211.39970163, "tid": 13066665, "type": "sell"}
{"amount": 0.00014797, "date": 1644895918, "price": 228211.55958362, "tid": 13066666, "type": "sell"}
{"amount": 0.00017899, "date": 1644895929, "price": 228211.77281001, "tid": 13066667, "type": "sell"}
{"amount": 0.00024255, "date": 1644895933, "price": 228211.87933448, "tid": 13066668, "type": "sell"}
{"amount": 0.01539347, "date": 1644895952, "price": 228212.30571001, "tid": 13066669, "type": "sell"}
{"amount": 0.00133359, "date": 1644895959, "price": 228212.46554439, "tid": 13066670, "type": "sell"}
{"amount": 0.00020989, "date": 1644895980, "price": 228299.37, "tid": 13066671, "type": "buy"}
{"amount": 0.00079644, "date": 1644896014, "price": 228213.63796421, "tid": 13066672, "type": "sell"}
{"amount": 0.00176085, "date": 1644896021, "price": 228299.37, "tid": 13066673, "type": "buy"}
{"amount": 0.00058716, "date": 1644896068, "price": 228214.70385001, "tid": 13066674, "type": "sell"}
{"amount": 0.00019706, "date": 1644896083, "price": 228299.37, "tid": 13066675, "type": "buy"}
{"amount": 0.07054088, "date": 1644896102, "price": 228299.37, "tid": 13066676, "type": "buy"}
{"amount": 0.00035908, "date": 1644896145, "price": 228225.47972, "tid": 13066677, "type": "sell"}
{"amount": 0.00071363, "date": 1644896291, "price": 228228.35789, "tid": 13066678, "type": "sell"}
{"amount": 0.00234335, "date": 1644896398, "price": 228230.4364496, "tid": 13066679, "type": "sell"}
{"amount": 0.001328, "date": 1644896414, "price": 228230.703, "tid": 13066680, "type": "sell"}
{"amount": 0.00041099, "date": 1644896415, "price": 228299.37, "tid": 13066681, "type": "buy"}
{"amount": 0.00055389, "date": 1644896452, "price": 228231.44913001, "tid": 13066682, "type": "sell"}
{"amount": 6.132e-05, "date": 1644896452, "price": 228299.37, "tid": 13066683, "type": "buy"}
{"amount": 0.0457539, "date": 1644896482, "price": 228299.37, "tid": 13066684, "type": "buy"}
{"amount": 0.02152287, "date": 1644896507, "price": 228299.37, "tid": 13066685, "type": "buy"}
{"amount": 0.05044041, "date": 1644896556, "price": 228299.37, "tid": 13066686, "type": "buy"}
{"amount": 0.08002522, "date": 1644896586, "price": 228299.37, "tid": 13066687, "type": "buy"}
{"amount": 0.04968381, "date": 1644896597, "price": 228299.37, "tid": 13066688, "type": "buy"}
{"amount": 2.498e-05, "date": 1644896597, "price": 228299.37, "tid": 13066689, "type": "buy"}
{"amount": 0.001, "date": 1644896597, "price": 228299.37, "tid": 13066690, "type": "buy"}
{"amount": 1.94e-05, "date": 1644896597, "price": 228299.69, "tid": 13066691, "type": "buy"}
{"amount": 0.00056119, "date": 1644896597, "price": 228299.7, "tid": 13066692, "type": "buy"}
{"amount": 6.906e-05, "date": 1644896597, "price": 228299.89, "tid": 13066693, "type": "buy"}
{"amount": 2e-05, "date": 1644896597, "price": 228299.99, "tid": 13066694, "type": "buy"}
{"amount": 2e-05, "date": 1644896597, "price": 228300, "tid": 13066695, "type": "buy"}
{"amount": 0.00407774, "date": 1644896597, "price": 228300, "tid": 13066696, "type": "buy"}
{"amount": 2e-05, "date": 1644896597, "price": 228400, "tid": 13066697, "type": "buy"}
{"amount": 2e-05, "date": 1644896597, "price": 228499.99, "tid": 13066698, "type": "buy"}
{"amount": 0.0006, "date": 1644896597, "price": 228500, "tid": 13066699, "type": "buy"}
{"amount": 2.65e-05, "date": 1644896608, "price": 228599.59, "tid": 13066700, "type": "buy"}
{"amount": 0.0001, "date": 1644896608, "price": 228599.99, "tid": 13066701, "type": "buy"}
{"amount": 0.0438, "date": 1644896608, "price": 228599.99999999, "tid": 13066702, "type": "buy"}
{"amount": 0.0025, "date": 1644896608, "price": 228600, "tid": 13066703, "type": "buy"}
{"amount": 2e-05, "date": 1644896608, "price": 228600, "tid": 13066704, "type": "buy"}
{"amount": 6.196e-05, "date": 1644896608, "price": 228700.5, "tid": 13066705, "type": "buy"}
{"amount": 0.00083025, "date": 1644896608, "price": 228700.5, "tid": 13066706, "type": "buy"}
{"amount": 0.00055903, "date": 1644896608, "price": 228736.5434, "tid": 13066707, "type": "buy"}
{"amount": 0.00012466, "date": 1644896608, "price": 228750, "tid": 13066708, "type": "buy"}
{"amount": 1.963e-05, "date": 1644896608, "price": 228785.23, "tid": 13066709, "type": "buy"}
{"amount": 0.00021848, "date": 1644896740, "price": 228849.89119019, "tid": 13066710, "type": "buy"}
{"amount": 8.739e-05, "date": 1644896742, "price": 228849.83681529, "tid": 13066711, "type": "buy"}
{"amount": 8.197e-05, "date": 1644896826, "price": 228849.0203, "tid": 13066712, "type": "buy"}
{"amount": 0.00010465, "date": 1644896889, "price": 228848.04116019, "tid": 13066713, "type": "buy"}
{"amount": 4.994e-05, "date": 1644896912, "price": 228847.71474999, "tid": 13066714, "type": "buy"}
{"amount": 0.00021301, "date": 1644896937, "price": 228510.2132, "tid": 13066715, "type": "sell"}
{"amount": 0.00013703, "date": 1644896962, "price": 228510.2132, "tid": 13066716, "type": "sell"}
{"amount": 1.025e-05, "date": 1644897158, "price": 228510.10662, "tid": 13066717, "type": "sell"}
{"amount": 0.0283, "date": 1644897200, "price": 228849.72800019, "tid": 13066718, "type": "buy"}
{"amount": 0.02360397, "date": 1644897200, "price": 228849.7280002, "tid": 13066719, "type": "buy"}
{"amount": 0.00022323, "date": 1644897209, "price": 228510.10664003, "tid": 13066720, "type": "sell"}
{"amount": 1.102e-05, "date": 1644897307, "price": 228510.1, "tid": 13066721, "type": "sell"}
{"amount": 0.0019, "date": 1644897367, "price": 228510.10005, "tid": 13066722, "type": "sell"}
{"amount": 0.00044142, "date": 1644897367, "price": 228510.10005, "tid": 13066723, "type": "sell"}
{"amount": 0.00218483, "date": 1644897402, "price": 228849.99999, "tid": 13066724, "type": "buy"}
{"amount": 0.00028613, "date": 1644897407, "price": 228510.10020001, "tid": 13066725, "type": "sell"}
{"amount": 0.00847195, "date": 1644897411, "price": 228510.10023001, "tid": 13066726, "type": "sell"}
{"amount": 0.00019416, "date": 1644897436, "price": 228510.1003701, "tid": 13066727, "type": "sell"}
{"amount": 0.00021499, "date": 1644897487, "price": 228510.10062035, "tid": 13066728, "type": "sell"}
{"amount": 4.527e-05, "date": 1644897591, "price": 228847.06267509, "tid": 13066729, "type": "buy"}
{"amount": 1.73e-05, "date": 1644897621, "price": 228846.5188753, "tid": 13066730, "type": "buy"}
{"amount": 0.01528999, "date": 1644897719, "price": 228510.10058058, "tid": 13066731, "type": "sell"}
{"amount": 3.333e-05, "date": 1644897873, "price": 228511.32688, "tid": 13066732, "type": "sell"}
{"amount": 7.48e-05, "date": 1644897894, "price": 228848.73999, "tid": 13066733, "type": "buy"}
{"amount": 6.762e-05, "date": 1644897894, "price": 228848.74, "tid": 13066734, "type": "buy"}
{"amount": 0.00047049, "date": 1644897894, "price": 228849.99, "tid": 13066735, "type": "buy"}
{"amount": 5.844e-05, "date": 1644897894, "price": 228850, "tid": 13066736, "type": "buy"}
{"amount": 4.162e-05, "date": 1644897894, "price": 228999.66357, "tid": 13066737, "type": "buy"}
{"amount": 0.00039957, "date": 1644897898, "price": 228999.66357, "tid": 13066738, "type": "buy"}
{"amount": 2e-05, "date": 1644897898, "price": 228999.99, "tid": 13066739, "type": "buy"}
{"amount": 0.00096325, "date": 1644897898, "price": 229000, "tid": 13066740, "type": "buy"}
{"amount": 0.00012466, "date": 1644897898, "price": 229000, "tid": 13066741, "type": "buy"}
{"amount": 0.00028797, "date": 1644897898, "price": 229000, "tid": 13066742, "type": "buy"}
{"amount": 0.00191133, "date": 1644897898, "price": 229000, "tid": 13066743, "type": "buy"}
{"amount": 0.00012008, "date": 1644897898, "price": 229000, "tid": 13066744, "type": "buy"}
{"amount": 0.0005389, "date": 1644897898, "price": 229000, "tid": 13066745, "type": "buy"}
{"amount": 0.0088, "date": 1644897898, "price": 229000, "tid": 13066746, "type": "buy"}
{"amount": 0.00023551, "date": 1644897898, "price": 229030, "tid": 13066747, "type": "buy"}
{"amount": 0.00232861, "date": 1644897898, "price": 229030, "tid": 13066748, "type": "buy"}
{"amount": 0.07618843, "date": 1644897898, "price": 229051.94, "tid": 13066749, "type": "buy"}
{"amount": 7.11e-06, "date": 1644897918, "price": 228999.99, "tid": 13066750, "type": "buy"}
{"amount": 0.0021834, "date": 1644897960, "price": 228999.66328509, "tid": 13066751, "type": "buy"}
{"amount": 0.00026, "date": 1644898041, "price": 228670.02255439, "tid": 13066752, "type": "sell"}
{"amount": 0.01537942, "date": 1644898041, "price": 228669.01000001, "tid": 13066753, "type": "sell"}
{"amount": 0.00087336, "date": 1644898046, "price": 228999.4966, "tid": 13066754, "type": "buy"}
{"amount": 0.00012209, "date": 1644898139, "price": 228999.60548509, "tid": 13066755, "type": "buy"}
{"amount": 0.0004, "date": 1644898149, "price": 228669.01001, "tid": 13066756, "type": "sell"}
{"amount": 0.00108767, "date": 1644898149, "price": 228669.01, "tid": 13066757, "type": "sell"}
{"amount": 0.0044, "date": 1644898210, "price": 228988.51061588, "tid": 13066758, "type": "buy"}
{"amount": 0.00873409, "date": 1644898253, "price": 228987.53186768, "tid": 13066759, "type": "buy"}
{"amount": 0.00026, "date": 1644898280, "price": 228669.01001, "tid": 13066760, "type": "sell"}
{"amount": 0.04891233, "date": 1644898280, "price": 228669.01, "tid": 13066761, "type": "sell"}
{"amount": 0.00045476, "date": 1644898280, "price": 228669.01, "tid": 13066762, "type": "sell"}
{"amount": 8e-05, "date": 1644898401, "price": 228600.00001, "tid": 13066763, "type": "sell"}
{"amount": 0.00232668, "date": 1644898401, "price": 228600, "tid": 13066764, "type": "sell"}
{"amount": 4e-05, "date": 1644898426, "price": 228510.10001, "tid": 13066765, "type": "sell"}
{"amount": 7.098e-05, "date": 1644898426, "price": 228510.1, "tid": 13066766, "type": "sell"}
{"amount": 2e-05, "date": 1644898519, "price": 228510.10003001, "tid": 13066767, "type": "sell"}
{"amount": 0.00136559, "date": 1644898519, "price": 228510.10002001, "tid": 13066768, "type": "sell"}
{"amount": 4.472e-05, "date": 1644898560, "price": 228510.10002001, "tid": 13066769, "type": "sell"}
{"amount": 0.00023842, "date": 1644898647, "price": 228510.10002001, "tid": 13066770, "type": "sell"}
{"amount": 0.00023643, "date": 1644898652, "price": 228510.10002001, "tid": 13066771, "type": "sell"}
{"amount": 0.00103576, "date": 1644898866, "price": 228510.10010001, "tid": 13066772, "type": "sell"}
{"amount": 0.04276424, "date": 1644898922, "price": 228510.10010001, "tid": 13066773, "type": "sell"}
{"amount": 0.00875233, "date": 1644898922, "price": 228510.1001, "tid": 13066774, "type": "sell"}
{"amount": 0.00150479, "date": 1644898922, "price": 228510.1, "tid": 13066775, "type": "sell"}
{"amount": 0.00043699, "date": 1644898992, "price": 228834.18421998, "tid": 13066776, "type": "buy"}
{"amount": 0.001322, "date": 1644899123, "price": 228200.95000001, "tid": 13066777, "type": "sell"}
{"amount": 0.00087412, "date": 1644899333, "price": 228798.94388998, "tid": 13066778, "type": "buy"}
{"amount": 0.00034965, "date": 1644899455, "price": 228798.94239999, "tid": 13066779, "type": "buy"}
{"amount": 0.00122203, "date": 1644899483, "price": 228798.94204999, "tid": 13066780, "type": "buy"}
{"amount": 0.00758027, "date": 1644899564, "price": 228246.00000001, "tid": 13066781, "type": "sell"}
{"amount": 0.00029118, "date": 1644899595, "price": 228200.95000001, "tid": 13066782, "type": "sell"}
{"amount": 1.958e-05, "date": 1644899598, "price": 228798.88597998, "tid": 13066783, "type": "buy"}
{"amount": 0.00093763, "date": 1644899600, "price": 228798.88593999, "tid": 13066784, "type": "buy"}
{"amount": 0.00037902, "date": 1644899600, "price": 228798.88595, "tid": 13066785, "type": "buy"}
{"amount": 0.00024, "date": 1644899667, "price": 228200.95009, "tid": 13066786, "type": "sell"}
{"amount": 0.00037983, "date": 1644899667, "price": 228200.95002, "tid": 13066787, "type": "sell"}
{"amount": 0.00214442, "date": 1644899667, "price": 228200.95, "tid": 13066788, "type": "sell"}
{"amount": 0.00860616, "date": 1644899667, "price": 228078.00000001, "tid": 13066789, "type": "sell"}
{"amount": 0.00149494, "date": 1644899728, "price": 228078.00000001, "tid": 13066790, "type": "sell"}
{"amount": 0.00023993, "date": 1644899801, "price": 228797.12989999, "tid": 13066791, "type": "buy"}
{"amount": 4.844e-05, "date": 1644899801, "price": 228797.12990999, "tid": 13066792, "type": "buy"}
{"amount": 4.45e-06, "date": 1644899837, "price": 228078.00001001, "tid": 13066793, "type": "sell"}
{"amount": 0.0001499, "date": 1644899852, "price": 228078.00001001, "tid": 13066794, "type": "sell"}
{"amount": 0.00020565, "date": 1644899974, "price": 228078.00001001, "tid": 13066795, "type": "sell"}
{"amount": 0.0002035, "date": 1644899974, "price": 228078, "tid": 13066796, "type": "sell"}
{"amount": 0.00289085, "date": 1644899974, "price": 227963.74000001, "tid": 13066797, "type": "sell"}
{"amount": 2.601e-05, "date": 1644900044, "price": 228698.51992655, "tid": 13066798, "type": "buy"}
{"amount": 0.00023122, "date": 1644900058, "price": 228698.19367708, "tid": 13066799, "type": "buy"}
{"amount": 8.173e-05, "date": 1644900178, "price": 228078.00001, "tid": 13066800, "type": "sell"}
{"amount": 0.00018438, "date": 1644900226, "price": 228686.66176053, "tid": 13066801, "type": "buy"}
{"amount": 0.00018547, "date": 1644900226, "price": 228686.66177053, "tid": 13066802, "type": "buy"}
{"amount": 0.00012449, "date": 1644900231, "price": 228686.55302071, "tid": 13066803, "type": "buy"}
{"amount": 5.25e-06, "date": 1644900326, "price": 228078, "tid": 13066804, "type": "sell"}
{"amount": 4.55e-06, "date": 1644900326, "price": 228078, "tid": 13066805, "type": "sell"}
{"amount": 0.00499286, "date": 1644900326, "price": 227963.74005001, "tid": 13066806, "type": "sell"}
{"amount": 8.745e-05, "date": 1644900331, "price": 228684.21483126, "tid": 13066807, "type": "buy"}
{"amount": 0.0439, "date": 1644900415, "price": 228683.50784999, "tid": 13066808, "type": "buy"}
{"amount": 0.00874858, "date": 1644900415, "price": 228683.50785, "tid": 13066809, "type": "buy"}
{"amount": 0.02414266, "date": 1644900415, "price": 228684.54097, "tid": 13066810, "type": "buy"}
{"amount": 0.0113604, "date": 1644900415, "price": 228698.19, "tid": 13066811, "type": "buy"}
{"amount": 0.08013, "date": 1644900415, "price": 228828.9668769, "tid": 13066812, "type": "buy"}
{"amount": 0.15, "date": 1644900415, "price": 228830, "tid": 13066813, "type": "buy"}
{"amount": 0.00072943, "date": 1644900415, "price": 228834.18, "tid": 13066814, "type": "buy"}
{"amount": 0.0033, "date": 1644900415, "price": 228834.94, "tid": 13066815, "type": "buy"}
{"amount": 0.11472888, "date": 1644900415, "price": 228873, "tid": 13066816, "type": "buy"}
{"amount": 0.00087457, "date": 1644900418, "price": 228683.45347508, "tid": 13066817, "type": "buy"}
{"amount": 0.00024, "date": 1644900496, "price": 228044.00005001, "tid": 13066818, "type": "sell"}
{"amount": 0.00307112, "date": 1644900496, "price": 228044.00004001, "tid": 13066819, "type": "sell"}
{"amount": 0.00035121, "date": 1644900516, "price": 228803.98812832, "tid": 13066820, "type": "buy"}
{"amount": 0.00023993, "date": 1644900519, "price": 228803.93374342, "tid": 13066821, "type": "buy"}
{"amount": 0.00106489, "date": 1644900519, "price": 228803.93375341, "tid": 13066822, "type": "buy"}
{"amount": 0.00012, "date": 1644900544, "price": 228044.00005001, "tid": 13066823, "type": "sell"}
{"amount": 0.00059099, "date": 1644900544, "price": 228044.00004001, "tid": 13066824, "type": "sell"}
{"amount": 0.00018, "date": 1644900613, "price": 228044.00005001, "tid": 13066825, "type": "sell"}
{"amount": 0.00398658, "date": 1644900613, "price": 228044.00004001, "tid": 13066826, "type": "sell"}
{"amount": 9e-05, "date": 1644900630, "price": 228044.00005001, "tid": 13066827, "type": "sell"}
{"amount": 3.301e-05, "date": 1644900630, "price": 228044.00004001, "tid": 13066828, "type": "sell"}
{"amount": 4e-05, "date": 1644900732, "price": 228044.00005001, "tid": 13066829, "type": "sell"}
{"amount": 0.01133867, "date": 1644900732, "price": 228044.00004001, "tid": 13066830, "type": "sell"}
{"amount": 2e-05, "date": 1644900813, "price": 228044.00005001, "tid": 13066831, "type": "sell"}
{"amount": 8e-05, "date": 1644900813, "price": 228044.00004001, "tid": 13066832, "type": "sell"}
{"amount": 2e-05, "date": 1644900816, "price": 228667.34749107, "tid": 13066833, "type": "buy"}
{"amount": 4.599e-05, "date": 1644900816, "price": 228667.34750107, "tid": 13066834, "type": "buy"}
{"amount": 3.5e-05, "date": 1644900858, "price": 228044.00004001, "tid": 13066835, "type": "sell"}
{"amount": 2e-05, "date": 1644900966, "price": 228044.00005001, "tid": 13066836, "type": "sell"}
{"amount": 8.092e-05, "date": 1644900966, "price": 228044.00004001, "tid": 13066837, "type": "sell"}
{"amount": 0.00043732, "date": 1644901008, "price": 228663.26935283, "tid": 13066838, "type": "buy"}
{"amount": 0.001725, "date": 1644901027, "price": 228044.00004001, "tid": 13066839, "type": "sell"}
{"amount": 0.00339922, "date": 1644901120, "price": 228660.93115166, "tid": 13066840, "type": "buy"}
{"amount": 9.863e-05, "date": 1644901141, "price": 228044.00004001, "tid": 13066841, "type": "sell"}
{"amount": 0.00015138, "date": 1644901160, "price": 228044.00004001, "tid": 13066842, "type": "sell"}
{"amount": 0.00011977, "date": 1644901211, "price": 228044.00004001, "tid": 13066843, "type": "sell"}
{"amount": 1.075e-05, "date": 1644901248, "price": 228658.15798129, "tid": 13066844, "type": "buy"}
{"amount": 0.00017926, "date": 1644901365, "price": 228655.76543534, "tid": 13066845, "type": "buy"}
{"amount": 0.00050343, "date": 1644901393, "price": 228046.77232001, "tid": 13066846, "type": "sell"}
{"amount": 3.784e-05, "date": 1644901396, "price": 228044, "tid": 13066847, "type": "sell"}
{"amount": 3.157e-05, "date": 1644901436, "price": 228044, "tid": 13066848, "type": "sell"}
{"amount": 0.00294619, "date": 1644901436, "price": 227964.32654001, "tid": 13066849, "type": "sell"}
{"amount": 0.0087718, "date": 1644901613, "price": 227963.79367, "tid": 13066850, "type": "sell"}
{"amount": 0.00137008, "date": 1644901613, "price": 227963.74, "tid": 13066851, "type": "sell"}
{"amount": 0.00012022, "date": 1644901613, "price": 227912, "tid": 13066852, "type": "sell"}
{"amount": 0.00876741, "date": 1644901679, "price": 228391.02116, "tid": 13066853, "type": "buy"}
{"amount": 0.00943965, "date": 1644901679, "price": 228391.02119618, "tid": 13066854, "type": "buy"}
{"amount": 0.00043776, "date": 1644901931, "price": 228432.13935152, "tid": 13066855, "type": "buy"}
{"amount": 0.00043748, "date": 1644902104, "price": 228578.24806136, "tid": 13066856, "type": "buy"}
{"amount": 0.00017478, "date": 1644902324, "price": 228854.11807976, "tid": 13066857, "type": "buy"}
{"amount": 0.01310893, "date": 1644902444, "price": 228851.50804408, "tid": 13066858, "type": "buy"}
{"amount": 0.00119842, "date": 1644902474, "price": 228018.10390087, "tid": 13066859, "type": "sell"}
{"amount": 0.00076348, "date": 1644902821, "price": 228157.60922001, "tid": 13066860, "type": "sell"}
{"amount": 0.00873553, "date": 1644902840, "price": 228949.99978978, "tid": 13066861, "type": "buy"}
{"amount": 0.00082311, "date": 1644903300, "price": 228298.37961535, "tid": 13066862, "type": "sell"}
{"amount": 0.00040898, "date": 1644903418, "price": 228300.88463001, "tid": 13066863, "type": "sell"}
{"amount": 0.00017745, "date": 1644903528, "price": 228303.1763663, "tid": 13066864, "type": "sell"}
{"amount": 0.00172186, "date": 1644903542, "price": 228949.99758758, "tid": 13066865, "type": "buy"}
{"amount": 0.00022275, "date": 1644903552, "price": 228949.99755755, "tid": 13066866, "type": "buy"}
{"amount": 0.00015579, "date": 1644903607, "price": 228304.72219, "tid": 13066867, "type": "sell"}
{"amount": 0.00188997, "date": 1644903642, "price": 228949.98986987, "tid": 13066868, "type": "buy"}
{"amount": 0.00015752, "date": 1644903673, "price": 228306.16103164, "tid": 13066869, "type": "sell"}
{"amount": 0.00034876, "date": 1644903685, "price": 228306.42749069, "tid": 13066870, "type": "sell"}
{"amount": 0.00011976, "date": 1644903706, "price": 228949.98963964, "tid": 13066871, "type": "buy"}
{"amount": 2.662e-05, "date": 1644903895, "price": 228310.85119001, "tid": 13066872, "type": "sell"}
{"amount": 0.00034535, "date": 1644903915, "price": 228949.988999, "tid": 13066873, "type": "buy"}
{"amount": 0.00021838, "date": 1644903990, "price": 228949.93435382, "tid": 13066874, "type": "buy"}
{"amount": 0.00031052, "date": 1644903991, "price": 228312.87647533, "tid": 13066875, "type": "sell"}
{"amount": 6.58e-06, "date": 1644904064, "price": 228949.87969864, "tid": 13066876, "type": "buy"}
{"amount": 0.00021838, "date": 1644904540, "price": 228949.97893894, "tid": 13066877, "type": "buy"}
{"amount": 0.00044271, "date": 1644904788, "price": 228439.57829363, "tid": 13066878, "type": "sell"}
{"amount": 0.00013544, "date": 1644904822, "price": 228949.92369317, "tid": 13066879, "type": "buy"}
{"amount": 6.53e-06, "date": 1644904835, "price": 228439.84508001, "tid": 13066880, "type": "sell"}
{"amount": 0.00020808, "date": 1644905053, "price": 228440.64498001, "tid": 13066881, "type": "sell"}
{"amount": 0.00251598, "date": 1644905472, "price": 228552.10658363, "tid": 13066882, "type": "sell"}
{"amount": 0.00022275, "date": 1644905698, "price": 228949.91999, "tid": 13066883, "type": "buy"}
{"amount": 6.55e-06, "date": 1644905754, "price": 228949.92, "tid": 13066884, "type": "buy"}
{"amount": 4.36e-06, "date": 1644906027, "price": 228949.91995, "tid": 13066885, "type": "buy"}
{"amount": 9e-05, "date": 1644906080, "price": 228564.68479, "tid": 13066886, "type": "sell"}
{"amount": 0.10368868, "date": 1644906080, "price": 228552.05343, "tid": 13066887, "type": "sell"}
{"amount": 0.10635049, "date": 1644906080, "price": 228552, "tid": 13066888, "type": "sell"}
{"amount": 0.03665, "date": 1644906084, "price": 228552.0532918, "tid": 13066889, "type": "sell"}
{"amount": 0.10369335, "date": 1644906084, "price": 228552.00005, "tid": 13066890, "type": "sell"}
{"amount": 0.00015, "date": 1644906084, "price": 228471, "tid": 13066891, "type": "buy"}
{"amount": 0.15, "date": 1644906086, "price": 228471, "tid": 13066892, "type": "buy"}
{"amount": 7.441e-05, "date": 1644906361, "price": 228440.64, "tid": 13066893, "type": "sell"}
{"amount": 0.00160761, "date": 1644906361, "price": 228345.37024143, "tid": 13066894, "type": "sell"}
{"amount": 0.02611, "date": 1644906391, "price": 228346.06303495, "tid": 13066895, "type": "sell"}
{"amount": 3e-05, "date": 1644906391, "price": 228346.00975315, "tid": 13066896, "type": "sell"}
{"amount": 0.02611, "date": 1644906391, "price": 228346.00974314, "tid": 13066897, "type": "sell"}
{"amount": 0.00875861, "date": 1644906391, "price": 228345.79659, "tid": 13066898, "type": "sell"}
{"amount": 0.07287913, "date": 1644906391, "price": 228341, "tid": 13066899, "type": "sell"}
{"amount": 2.35e-05, "date": 1644906438, "price": 228484.95925257, "tid": 13066900, "type": "sell"}
{"amount": 7.096e-05, "date": 1644906620, "price": 228488.68967927, "tid": 13066901, "type": "sell"}
{"amount": 6e-05, "date": 1644906708, "price": 228490.55490261, "tid": 13066902, "type": "sell"}
{"amount": 0.00334571, "date": 1644906708, "price": 228490.55489261, "tid": 13066903, "type": "sell"}
{"amount": 0.022, "date": 1644906917, "price": 228494.87152913, "tid": 13066904, "type": "sell"}
{"amount": 3e-05, "date": 1644907327, "price": 228609.00001, "tid": 13066905, "type": "sell"}
{"amount": 0.0036376, "date": 1644907327, "price": 228463.00000001, "tid": 13066906, "type": "sell"}
{"amount": 0.0438, "date": 1644907424, "price": 228949.91865998, "tid": 13066907, "type": "buy"}
{"amount": 0.00045102, "date": 1644907424, "price": 228949.91865999, "tid": 13066908, "type": "buy"}
{"amount": 0.00875426, "date": 1644907424, "price": 228949.91867, "tid": 13066909, "type": "buy"}
{"amount": 0.02164865, "date": 1644907424, "price": 228949.91972, "tid": 13066910, "type": "buy"}
{"amount": 1.259e-05, "date": 1644907424, "price": 228949.92, "tid": 13066911, "type": "buy"}
{"amount": 0.00033454, "date": 1644907424, "price": 228949.98, "tid": 13066912, "type": "buy"}
{"amount": 0.00040438, "date": 1644907424, "price": 228949.99, "tid": 13066913, "type": "buy"}
{"amount": 0.006, "date": 1644907424, "price": 228950, "tid": 13066914, "type": "buy"}
{"amount": 0.00022004, "date": 1644907424, "price": 228999.66, "tid": 13066915, "type": "buy"}
{"amount": 0.00995966, "date": 1644907424, "price": 229000, "tid": 13066916, "type": "buy"}
{"amount": 0.00687658, "date": 1644907424, "price": 229050.9612518, "tid": 13066917, "type": "buy"}
{"amount": 0.00025125, "date": 1644907526, "price": 228465.02523182, "tid": 13066918, "type": "sell"}
{"amount": 2.623e-05, "date": 1644907719, "price": 229051.77669999, "tid": 13066919, "type": "buy"}
{"amount": 0.0002242, "date": 1644907750, "price": 228466.62414001, "tid": 13066920, "type": "sell"}
{"amount": 0.00013, "date": 1644908038, "price": 228465.02001, "tid": 13066921, "type": "sell"}
{"amount": 4.672e-05, "date": 1644908038, "price": 228465.02, "tid": 13066922, "type": "sell"}
{"amount": 2.606e-05, "date": 1644908465, "price": 228465.02001, "tid": 13066923, "type": "sell"}
{"amount": 8.737e-05, "date": 1644908532, "price": 228894.53175999, "tid": 13066924, "type": "buy"}
{"amount": 0.00346763, "date": 1644908821, "price": 228466.77862973, "tid": 13066925, "type": "sell"}
{"amount": 4.025e-05, "date": 1644908843, "price": 228467.20496421, "tid": 13066926, "type": "sell"}
{"amount": 5e-05, "date": 1644908866, "price": 228467.41814362, "tid": 13066927, "type": "sell"}
{"amount": 0.00026881, "date": 1644908866, "price": 228465.17987544, "tid": 13066928, "type": "sell"}
{"amount": 3e-05, "date": 1644909241, "price": 228465.02001, "tid": 13066929, "type": "sell"}
{"amount": 0.00039328, "date": 1644909241, "price": 228465.02, "tid": 13066930, "type": "sell"}
{"amount": 0.00063753, "date": 1644909241, "price": 228347.19777184, "tid": 13066931, "type": "sell"}
{"amount": 0.00021833, "date": 1644909572, "price": 229001.59557307, "tid": 13066932, "type": "buy"}
{"amount": 0.00021058, "date": 1644909749, "price": 228351.19489001, "tid": 13066933, "type": "sell"}
{"amount": 0.00052908, "date": 1644909785, "price": 228981.93369749, "tid": 13066934, "type": "buy"}
{"amount": 0.00045174, "date": 1644909831, "price": 228980.90057439, "tid": 13066935, "type": "buy"}
{"amount": 0.0021836, "date": 1644909895, "price": 228979.48682699, "tid": 13066936, "type": "buy"}
{"amount": 4.451e-05, "date": 1644910054, "price": 228356.5242727, "tid": 13066937, "type": "sell"}
{"amount": 6.609e-05, "date": 1644910245, "price": 228360.30811629, "tid": 13066938, "type": "sell"}
{"amount": 3.798e-05, "date": 1644910468, "price": 229043.99378019, "tid": 13066939, "type": "buy"}
{"amount": 0.01319819, "date": 1644910793, "price": 229048.7817251, "tid": 13066940, "type": "buy"}
{"amount": 2.195e-05, "date": 1644910825, "price": 228590.34502362, "tid": 13066941, "type": "sell"}
{"amount": 0.00021829, "date": 1644911091, "price": 229049.54294, "tid": 13066942, "type": "buy"}
{"amount": 0.00021829, "date": 1644911238, "price": 229049.16255999, "tid": 13066943, "type": "buy"}
{"amount": 1.335e-05, "date": 1644911238, "price": 229049.16255999, "tid": 13066944, "type": "buy"}
{"amount": 0.00546329, "date": 1644911545, "price": 228798.13177705, "tid": 13066945, "type": "sell"}
{"amount": 0.00062069, "date": 1644911657, "price": 228796.95925253, "tid": 13066946, "type": "sell"}
{"amount": 0.00079351, "date": 1644911927, "price": 228796.85267884, "tid": 13066947, "type": "sell"}
{"amount": 2.182e-05, "date": 1644911993, "price": 229049.86972976, "tid": 13066948, "type": "buy"}
{"amount": 0.0005, "date": 1644912049, "price": 228796, "tid": 13066949, "type": "sell"}
{"amount": 9e-05, "date": 1644912101, "price": 229000, "tid": 13066950, "type": "buy"}
{"amount": 0.00011111, "date": 1644912101, "price": 229000, "tid": 13066951, "type": "buy"}
{"amount": 0.00265857, "date": 1644912101, "price": 229049.87, "tid": 13066952, "type": "buy"}
{"amount": 0.00043354, "date": 1644912137, "price": 228809.49217068, "tid": 13066953, "type": "sell"}
{"amount": 0.0005, "date": 1644912182, "price": 228910.31980086, "tid": 13066954, "type": "sell"}
{"amount": 0.013, "date": 1644912413, "price": 228606.01256172, "tid": 13066955, "type": "sell"}
{"amount": 5e-05, "date": 1644912533, "price": 228800, "tid": 13066956, "type": "buy"}
{"amount": 2e-05, "date": 1644912533, "price": 229000, "tid": 13066957, "type": "buy"}
{"amount": 0.00734143, "date": 1644912544, "price": 229049.87, "tid": 13066958, "type": "buy"}
{"amount": 0.00022122, "date": 1644912544, "price": 229049.87, "tid": 13066959, "type": "buy"}
{"amount": 0.00235939, "date": 1644912544, "price": 229051.94, "tid": 13066960, "type": "buy"}
{"amount": 0.02146488, "date": 1644912560, "price": 229051.94, "tid": 13066961, "type": "buy"}
{"amount": 0.00036512, "date": 1644912560, "price": 229239.95, "tid": 13066962, "type": "buy"}
{"amount": 0.00283646, "date": 1644912594, "price": 229239.95, "tid": 13066963, "type": "buy"}
{"amount": 0.00012466, "date": 1644912594, "price": 229250, "tid": 13066964, "type": "buy"}
{"amount": 0.00140074, "date": 1644912594, "price": 229300, "tid": 13066965, "type": "buy"}
{"amount": 0.00023986, "date": 1644912659, "price": 229300, "tid": 13066966, "type": "buy"}
{"amount": 0.0983594, "date": 1644912694, "price": 229300, "tid": 13066967, "type": "buy"}
{"amount": 0.01067858, "date": 1644912694, "price": 229400.12, "tid": 13066968, "type": "buy"}
{"amount": 0.04430357, "date": 1644912694, "price": 229405.42, "tid": 13066969, "type": "buy"}
{"amount": 0.0011643, "date": 1644912694, "price": 229459, "tid": 13066970, "type": "buy"}
{"amount": 0.00111, "date": 1644912694, "price": 229459, "tid": 13066971, "type": "buy"}
{"amount": 0.000489, "date": 1644912694, "price": 229480, "tid": 13066972, "type": "buy"}
{"amount": 0.0004464, "date": 1644912694, "price": 229480, "tid": 13066973, "type": "buy"}
{"amount": 0.00012466, "date": 1644912694, "price": 229500, "tid": 13066974, "type": "buy"}
{"amount": 0.155, "date": 1644912694, "price": 229500, "tid": 13066975, "type": "buy"}
{"amount": 0.013, "date": 1644912694, "price": 229500, "tid": 13066976, "type": "buy"}
{"amount": 0.0436, "date": 1644912694, "price": 229749.94490999, "tid": 13066977, "type": "buy"}
{"amount": 0.0062393, "date": 1644912694, "price": 229749.94520998, "tid": 13066978, "type": "buy"}
{"amount": 0.00012471, "date": 1644912694, "price": 229750, "tid": 13066979, "type": "buy"}
{"amount": 0.07785, "date": 1644912694, "price": 229889.5650008, "tid": 13066980, "type": "buy"}
{"amount": 0.00614034, "date": 1644912694, "price": 229889.72807, "tid": 13066981, "type": "buy"}
{"amount": 0.009, "date": 1644912694, "price": 229890, "tid": 13066982, "type": "buy"}
{"amount": 0.0043, "date": 1644912694, "price": 229928.15, "tid": 13066983, "type": "buy"}
{"amount": 1.653e-05, "date": 1644912694, "price": 230000, "tid": 13066984, "type": "buy"}
{"amount": 5.555e-05, "date": 1644912694, "price": 230000, "tid": 13066985, "type": "buy"}
{"amount": 0.00012466, "date": 1644912694, "price": 230000, "tid": 13066986, "type": "buy"}
{"amount": 9.292e-05, "date": 1644912694, "price": 230000, "tid": 13066987, "type": "buy"}
{"amount": 0.22367713, "date": 1644912694, "price": 230000, "tid": 13066988, "type": "buy"}
{"amount": 0.00045929, "date": 1644912694, "price": 230000, "tid": 13066989, "type": "buy"}
{"amount": 6.276e-05, "date": 1644912694, "price": 230000, "tid": 13066990, "type": "buy"}
{"amount": 2.338e-05, "date": 1644912694, "price": 230000, "tid": 13066991, "type": "buy"}
{"amount": 4.066e-05, "date": 1644912694, "price": 230000, "tid": 13066992, "type": "buy"}
{"amount": 7.565e-05, "date": 1644912694, "price": 230000, "tid": 13066993, "type": "buy"}
{"amount": 4.37e-06, "date": 1644912694, "price": 230000, "tid": 13066994, "type": "buy"}
{"amount": 0.00012445, "date": 1644912694, "price": 230000, "tid": 13066995, "type": "buy"}
{"amount": 0.02131114, "date": 1644912694, "price": 230000, "tid": 13066996, "type": "buy"}
{"amount": 0.025672, "date": 1644912694, "price": 230000, "tid": 13066997, "type": "buy"}
{"amount": 0.00022007, "date": 1644912694, "price": 230000, "tid": 13066998, "type": "buy"}
{"amount": 0.00120811, "date": 1644912694, "price": 230000, "tid": 13066999, "type": "buy"}
{"amount": 3.406e-05, "date": 1644912694, "price": 230000, "tid": 13067000, "type": "buy"}
{"amount": 0.00021844, "date": 1644912694, "price": 230000, "tid": 13067001, "type": "buy"}
{"amount": 0.00297968, "date": 1644912694, "price": 230000, "tid": 13067002, "type": "buy"}
{"amount": 0.00038135, "date": 1644912694, "price": 230000, "tid": 13067003, "type": "buy"}
{"amount": 0.02728768, "date": 1644912694, "price": 230000, "tid": 13067004, "type": "buy"}
{"amount": 0.0002357, "date": 1644912694, "price": 230000, "tid": 13067005, "type": "buy"}
{"amount": 0.0135, "date": 1644912694, "price": 230000, "tid": 13067006, "type": "buy"}
{"amount": 5.388e-05, "date": 1644912694, "price": 230000, "tid": 13067007, "type": "buy"}
{"amount": 0.02028074, "date": 1644912694, "price": 230000, "tid": 13067008, "type": "buy"}
{"amount": 4.348e-05, "date": 1644912694, "price": 230000, "tid": 13067009, "type": "buy"}
{"amount": 0.0004985, "date": 1644912694, "price": 230000, "tid": 13067010, "type": "buy"}
{"amount": 0.0002, "date": 1644912694, "price": 230000, "tid": 13067011, "type": "buy"}
{"amount": 0.0005, "date": 1644912694, "price": 230000, "tid": 13067012, "type": "buy"}
{"amount": 0.00891582, "date": 1644912694, "price": 230000, "tid": 13067013, "type": "buy"}
{"amount": 0.0097, "date": 1644912694, "price": 230000, "tid": 13067014, "type": "buy"}
{"amount": 0.01446498, "date": 1644912694, "price": 230000, "tid": 13067015, "type": "buy"}
{"amount": 4e-05, "date": 1644912699, "price": 229389.00005, "tid": 13067016, "type": "sell"}
{"amount": 0.00027496, "date": 1644912784, "price": 229427.15, "tid": 13067017, "type": "sell"}
{"amount": 0.00042921, "date": 1644912842, "price": 229488.87994999, "tid": 13067018, "type": "buy"}
{"amount": 0.00021787, "date": 1644913009, "price": 229487.5742853, "tid": 13067019, "type": "buy"}
{"amount": 0.0004, "date": 1644913024, "price": 229427.15, "tid": 13067020, "type": "sell"}
{"amount": 6.5e-05, "date": 1644913058, "price": 229487.57, "tid": 13067021, "type": "sell"}
{"amount": 0.000335, "date": 1644913058, "price": 229427.15, "tid": 13067022, "type": "sell"}
{"amount": 0.0004, "date": 1644913072, "price": 229427.15, "tid": 13067023, "type": "sell"}
{"amount": 0.0004, "date": 1644913163, "price": 229427.15000001, "tid": 13067024, "type": "sell"}
{"amount": 0.0004, "date": 1644913242, "price": 229427.15, "tid": 13067025, "type": "sell"}
{"amount": 0.0004, "date": 1644913281, "price": 229429.99999999, "tid": 13067026, "type": "sell"}
{"amount": 0.0004, "date": 1644913330, "price": 229429.99999999, "tid": 13067027, "type": "sell"}
{"amount": 0.00151552, "date": 1644913343, "price": 229429.99999999, "tid": 13067028, "type": "sell"}
{"amount": 0.0004, "date": 1644913409, "price": 229429.99999999, "tid": 13067029, "type": "sell"}
{"amount": 0.0004, "date": 1644913429, "price": 229429.99999999, "tid": 13067030, "type": "sell"}
{"amount": 0.00022, "date": 1644913641, "price": 229429.33501258, "tid": 13067031, "type": "sell"}
{"amount": 0.00997, "date": 1644913684, "price": 229430.29426502, "tid": 13067032, "type": "sell"}
{"amount": 2e-05, "date": 1644913754, "price": 229431.73328001, "tid": 13067033, "type": "sell"}
{"amount": 0.00117892, "date": 1644913794, "price": 229432.58594881, "tid": 13067034, "type": "sell"}
{"amount": 0.0005, "date": 1644913843, "price": 229450, "tid": 13067035, "type": "buy"}
{"amount": 0.01021677, "date": 1644913843, "price": 229450, "tid": 13067036, "type": "buy"}
{"amount": 0.00356921, "date": 1644913843, "price": 229450, "tid": 13067037, "type": "buy"}
{"amount": 0.00750402, "date": 1644913843, "price": 229450, "tid": 13067038, "type": "buy"}
{"amount": 6.5e-05, "date": 1644913854, "price": 229433.8649522, "tid": 13067039, "type": "sell"}
{"amount": 0.00339443, "date": 1644913890, "price": 229450, "tid": 13067040, "type": "buy"}
{"amount": 4.54e-06, "date": 1644913890, "price": 229488.87, "tid": 13067041, "type": "buy"}
{"amount": 0.00532103, "date": 1644913890, "price": 229500, "tid": 13067042, "type": "buy"}
{"amount": 5.34e-06, "date": 1644913946, "price": 229500, "tid": 13067043, "type": "buy"}
{"amount": 0.00010947, "date": 1644913946, "price": 229500, "tid": 13067044, "type": "buy"}
{"amount": 0.00042621, "date": 1644913961, "price": 229436.10333351, "tid": 13067045, "type": "sell"}
{"amount": 0.00010829, "date": 1644914072, "price": 229500, "tid": 13067046, "type": "buy"}
{"amount": 0.00032675, "date": 1644914072, "price": 229979.3372164, "tid": 13067047, "type": "buy"}
{"amount": 0.05836651, "date": 1644914321, "price": 230000, "tid": 13067048, "type": "buy"}
{"amount": 0.32609, "date": 1644914324, "price": 230000, "tid": 13067049, "type": "buy"}
{"amount": 0.01862487, "date": 1644914327, "price": 230000, "tid": 13067050, "type": "buy"}
{"amount": 0.01444711, "date": 1644914333, "price": 230000, "tid": 13067051, "type": "buy"}
{"amount": 0.14686322, "date": 1644914349, "price": 230000, "tid": 13067052, "type": "buy"}
{"amount": 0.14692943, "date": 1644914362, "price": 230000, "tid": 13067053, "type": "buy"}
{"amount": 0.02636324, "date": 1644914372, "price": 230000, "tid": 13067054, "type": "buy"}
{"amount": 0.12057941, "date": 1644914377, "price": 230000, "tid": 13067055, "type": "buy"}
{"amount": 0.12727123, "date": 1644914390, "price": 230000, "tid": 13067056, "type": "buy"}
{"amount": 0.0179789, "date": 1644914390, "price": 230000, "tid": 13067057, "type": "buy"}
{"amount": 1.009e-05, "date": 1644914390, "price": 230000, "tid": 13067058, "type": "buy"}
{"amount": 0.00165605, "date": 1644914390, "price": 230000, "tid": 13067059, "type": "buy"}
{"amount": 0.00021177, "date": 1644914397, "price": 229970.43887862, "tid": 13067060, "type": "sell"}
{"amount": 0.05073194, "date": 1644914403, "price": 230000, "tid": 13067061, "type": "buy"}
{"amount": 0.00038848, "date": 1644914403, "price": 230000, "tid": 13067062, "type": "buy"}
{"amount": 0.02181, "date": 1644914403, "price": 230000, "tid": 13067063, "type": "buy"}
{"amount": 0.05, "date": 1644914403, "price": 230000, "tid": 13067064, "type": "buy"}
{"amount": 7.688e-05, "date": 1644914403, "price": 230000, "tid": 13067065, "type": "buy"}
{"amount": 0.00176741, "date": 1644914403, "price": 230000.45, "tid": 13067066, "type": "buy"}
{"amount": 0.02215472, "date": 1644914403, "price": 230002.7, "tid": 13067067, "type": "buy"}
{"amount": 0.04470129, "date": 1644914406, "price": 230002.7, "tid": 13067068, "type": "buy"}
{"amount": 0.00043766, "date": 1644914406, "price": 230013.91, "tid": 13067069, "type": "buy"}
{"amount": 0.00016286, "date": 1644914406, "price": 230100, "tid": 13067070, "type": "buy"}
{"amount": 0.00021869, "date": 1644914406, "price": 230110.02, "tid": 13067071, "type": "buy"}
{"amount": 8.93e-05, "date": 1644914406, "price": 230125.5, "tid": 13067072, "type": "buy"}
{"amount": 0.0216, "date": 1644914406, "price": 230150, "tid": 13067073, "type": "buy"}
{"amount": 4.434e-05, "date": 1644914406, "price": 230173.27, "tid": 13067074, "type": "buy"}
{"amount": 0.00025764, "date": 1644914406, "price": 230230, "tid": 13067075, "type": "buy"}
{"amount": 0.00012466, "date": 1644914406, "price": 230250, "tid": 13067076, "type": "buy"}
{"amount": 0.0116, "date": 1644914406, "price": 230499.99999999, "tid": 13067077, "type": "buy"}
{"amount": 0.00012466, "date": 1644914406, "price": 230500, "tid": 13067078, "type": "buy"}
{"amount": 0.00022108, "date": 1644914406, "price": 230500.4, "tid": 13067079, "type": "buy"}
{"amount": 0.0007397, "date": 1644914406, "price": 230510.24, "tid": 13067080, "type": "buy"}
{"amount": 0.00656812, "date": 1644914406, "price": 230720.8368753, "tid": 13067081, "type": "buy"}
{"amount": 0.0009, "date": 1644914416, "price": 230440.1065836, "tid": 13067082, "type": "sell"}
{"amount": 0.00032118, "date": 1644914443, "price": 230638.377615, "tid": 13067083, "type": "buy"}
{"amount": 4.59e-05, "date": 1644914443, "price": 230721, "tid": 13067084, "type": "buy"}
{"amount": 0.00012466, "date": 1644914443, "price": 230750, "tid": 13067085, "type": "buy"}
{"amount": 0.00024673, "date": 1644914443, "price": 230800, "tid": 13067086, "type": "buy"}
{"amount": 0.004, "date": 1644914443, "price": 230800, "tid": 13067087, "type": "buy"}
{"amount": 0.00826006, "date": 1644914443, "price": 230800, "tid": 13067088, "type": "buy"}
{"amount": 0.00103515, "date": 1644914507, "price": 230599.99999, "tid": 13067089, "type": "buy"}
{"amount": 9e-05, "date": 1644914507, "price": 230600, "tid": 13067090, "type": "buy"}
{"amount": 0.00387743, "date": 1644914507, "price": 230799.7279, "tid": 13067091, "type": "buy"}
{"amount": 0.00021409, "date": 1644914624, "price": 230390.7461352, "tid": 13067092, "type": "sell"}
{"amount": 8.669e-05, "date": 1644914642, "price": 230699.7823302, "tid": 13067093, "type": "buy"}
{"amount": 6.28e-06, "date": 1644914685, "price": 230699.6679651, "tid": 13067094, "type": "buy"}
{"amount": 0.00045136, "date": 1644914745, "price": 230698.7430351, "tid": 13067095, "type": "buy"}
{"amount": 0.00065333, "date": 1644914857, "price": 230698.3, "tid": 13067096, "type": "sell"}
{"amount": 0.00552322, "date": 1644914880, "price": 230698.3, "tid": 13067097, "type": "sell"}
{"amount": 3.308e-05, "date": 1644914885, "price": 230699.93, "tid": 13067098, "type": "buy"}
{"amount": 5.361e-05, "date": 1644914885, "price": 230699.94, "tid": 13067099, "type": "buy"}
{"amount": 0.00206, "date": 1644914887, "price": 230191.00001, "tid": 13067100, "type": "sell"}
{"amount": 0.00868842, "date": 1644914887, "price": 230191.00001, "tid": 13067101, "type": "sell"}
{"amount": 0.00235891, "date": 1644914887, "price": 230191, "tid": 13067102, "type": "sell"}
{"amount": 2.222e-05, "date": 1644914984, "price": 230191.00001, "tid": 13067103, "type": "sell"}
{"amount": 8.039e-05, "date": 1644915106, "price": 230152.00024023, "tid": 13067104, "type": "sell"}
{"amount": 0.00043468, "date": 1644915116, "price": 230695.96965, "tid": 13067105, "type": "buy"}
{"amount": 0.00016462, "date": 1644915268, "price": 230152.00093093, "tid": 13067106, "type": "sell"}
{"amount": 4.697e-05, "date": 1644915362, "price": 230152.00126126, "tid": 13067107, "type": "sell"}
{"amount": 0.00016153, "date": 1644915470, "price": 230152.00177177, "tid": 13067108, "type": "sell"}
{"amount": 0.00016308, "date": 1644915471, "price": 230496.30064, "tid": 13067109, "type": "buy"}
{"amount": 0.00021891, "date": 1644915541, "price": 230152.00002003, "tid": 13067110, "type": "sell"}
{"amount": 0.00489325, "date": 1644915564, "price": 230152.42636452, "tid": 13067111, "type": "sell"}
{"amount": 0.00219876, "date": 1644915623, "price": 230153.65211619, "tid": 13067112, "type": "sell"}
{"amount": 5.206e-05, "date": 1644915715, "price": 230497.91997, "tid": 13067113, "type": "buy"}
{"amount": 0.00019216, "date": 1644915735, "price": 230417.10658363, "tid": 13067114, "type": "sell"}
{"amount": 0.00088045, "date": 1644915743, "price": 230417.31975087, "tid": 13067115, "type": "sell"}
{"amount": 0.00087137, "date": 1644915760, "price": 230497.91, "tid": 13067116, "type": "buy"}
{"amount": 0.00437641, "date": 1644915760, "price": 230497.92, "tid": 13067117, "type": "buy"}
{"amount": 0.00019448, "date": 1644915760, "price": 230497.93, "tid": 13067118, "type": "buy"}
{"amount": 0.01623569, "date": 1644915760, "price": 230699.66802, "tid": 13067119, "type": "buy"}
{"amount": 0.0002572, "date": 1644915797, "price": 230418.01255437, "tid": 13067120, "type": "sell"}
{"amount": 0.00182135, "date": 1644915927, "price": 230697.00250059, "tid": 13067121, "type": "buy"}
{"amount": 0.00034599, "date": 1644915927, "price": 230697.00251059, "tid": 13067122, "type": "buy"}
{"amount": 0.00026, "date": 1644916011, "price": 230401.00001, "tid": 13067123, "type": "sell"}
{"amount": 0.00019133, "date": 1644916039, "price": 230695.15312529, "tid": 13067124, "type": "buy"}
{"amount": 0.01917149, "date": 1644916080, "price": 229847.69281354, "tid": 13067125, "type": "sell"}
{"amount": 6.376e-05, "date": 1644916115, "price": 230694.1190502, "tid": 13067126, "type": "buy"}
{"amount": 0.00024628, "date": 1644916124, "price": 230056, "tid": 13067127, "type": "sell"}
{"amount": 4.495e-05, "date": 1644916129, "price": 229869.00001, "tid": 13067128, "type": "sell"}
{"amount": 0.00029411, "date": 1644916129, "price": 229869.00000001, "tid": 13067129, "type": "sell"}
{"amount": 0.00046104, "date": 1644916130, "price": 229869.00000001, "tid": 13067130, "type": "sell"}
{"amount": 0.00033546, "date": 1644916180, "price": 230693.03115999, "tid": 13067131, "type": "buy"}
{"amount": 0.00867695, "date": 1644916199, "price": 230693.67783, "tid": 13067132, "type": "buy"}
{"amount": 0.00326594, "date": 1644916199, "price": 230693.67786529, "tid": 13067133, "type": "buy"}
{"amount": 2.167e-05, "date": 1644916216, "price": 230693.94991999, "tid": 13067134, "type": "buy"}
{"amount": 0.00250052, "date": 1644916217, "price": 230023.00033001, "tid": 13067135, "type": "sell"}
{"amount": 0.00033312, "date": 1644916229, "price": 230023.00038001, "tid": 13067136, "type": "sell"}
{"amount": 0.00231137, "date": 1644916238, "price": 230023.00044001, "tid": 13067137, "type": "sell"}
{"amount": 0.0435, "date": 1644916254, "price": 230023.00053001, "tid": 13067138, "type": "sell"}
{"amount": 0.0086979, "date": 1644916254, "price": 230023.00053, "tid": 13067139, "type": "sell"}
{"amount": 0.00141441, "date": 1644916254, "price": 230023, "tid": 13067140, "type": "sell"}
{"amount": 0.00261761, "date": 1644916255, "price": 230023.00053003, "tid": 13067141, "type": "sell"}
{"amount": 0.00090609, "date": 1644916256, "price": 230693.29723999, "tid": 13067142, "type": "buy"}
{"amount": 0.00118481, "date": 1644916328, "price": 230069.00006007, "tid": 13067143, "type": "sell"}
{"amount": 0.00258596, "date": 1644916346, "price": 230069.00015016, "tid": 13067144, "type": "sell"}
{"amount": 0.00023826, "date": 1644916357, "price": 230691.50224035, "tid": 13067145, "type": "buy"}
{"amount": 9.161e-05, "date": 1644916357, "price": 230691.50225035, "tid": 13067146, "type": "buy"}
{"amount": 0.00326854, "date": 1644916360, "price": 230069.00021022, "tid": 13067147, "type": "sell"}
{"amount": 0.00141964, "date": 1644916366, "price": 230691.28472, "tid": 13067148, "type": "buy"}
{"amount": 0.00043348, "date": 1644916390, "price": 230690.74100161, "tid": 13067149, "type": "buy"}
{"amount": 0.00128, "date": 1644916429, "price": 230069.00051001, "tid": 13067150, "type": "sell"}
{"amount": 0.00043045, "date": 1644916443, "price": 230069.00057002, "tid": 13067151, "type": "sell"}
{"amount": 4.373e-05, "date": 1644916452, "price": 230069.00064001, "tid": 13067152, "type": "sell"}
{"amount": 0.00320866, "date": 1644916462, "price": 230069.00070007, "tid": 13067153, "type": "sell"}
{"amount": 5.882e-05, "date": 1644916529, "price": 230069.00098001, "tid": 13067154, "type": "sell"}
{"amount": 0.00010843, "date": 1644916600, "price": 230546.95485581, "tid": 13067155, "type": "buy"}
{"amount": 0.00046667, "date": 1644916604, "price": 230546.9004809, "tid": 13067156, "type": "buy"}
{"amount": 4.39e-06, "date": 1644916621, "price": 230069.00098001, "tid": 13067157, "type": "sell"}
{"amount": 8.675e-05, "date": 1644916652, "price": 230545.81282563, "tid": 13067158, "type": "buy"}
{"amount": 0.00125956, "date": 1644916657, "price": 230069.00098001, "tid": 13067159, "type": "sell"}
{"amount": 2.165e-05, "date": 1644916667, "price": 230069.00098001, "tid": 13067160, "type": "sell"}
{"amount": 0.01402192, "date": 1644916708, "price": 230544.6709, "tid": 13067161, "type": "buy"}
{"amount": 2.932e-05, "date": 1644916710, "price": 230544.61652, "tid": 13067162, "type": "buy"}
{"amount": 0.0006, "date": 1644916779, "price": 230069.00151008, "tid": 13067163, "type": "sell"}
{"amount": 0.0001, "date": 1644916779, "price": 230069.00143, "tid": 13067164, "type": "sell"}
{"amount": 5.76e-05, "date": 1644916839, "price": 230069.0101201, "tid": 13067165, "type": "sell"}
{"amount": 0.00422572, "date": 1644916925, "price": 230078.00021002, "tid": 13067166, "type": "sell"}
{"amount": 0.00345068, "date": 1644916932, "price": 230539.88574185, "tid": 13067167, "type": "buy"}
{"amount": 8.675e-05, "date": 1644916949, "price": 230539.50511748, "tid": 13067168, "type": "buy"}
{"amount": 0.0117, "date": 1644916984, "price": 230078.00026002, "tid": 13067169, "type": "sell"}
{"amount": 0.00204, "date": 1644916984, "price": 230078.00026001, "tid": 13067170, "type": "sell"}
{"amount": 0.00132271, "date": 1644916984, "price": 230078.00025, "tid": 13067171, "type": "sell"}
{"amount": 0.05250233, "date": 1644916984, "price": 230078, "tid": 13067172, "type": "sell"}
{"amount": 4.743e-05, "date": 1644917026, "price": 230119.00001, "tid": 13067173, "type": "sell"}
{"amount": 0.00029448, "date": 1644917063, "price": 230119.00001, "tid": 13067174, "type": "sell"}
{"amount": 0.00066809, "date": 1644917099, "price": 230119.00001, "tid": 13067175, "type": "sell"}
{"amount": 0.00357598, "date": 1644917099, "price": 230119, "tid": 13067176, "type": "sell"}
{"amount": 0.00044472, "date": 1644917126, "price": 230119.00001, "tid": 13067177, "type": "sell"}
{"amount": 6.528e-05, "date": 1644917128, "price": 230119.00001, "tid": 13067178, "type": "sell"}
{"amount": 9.458e-05, "date": 1644917128, "price": 230113, "tid": 13067179, "type": "sell"}
{"amount": 0.00025, "date": 1644917133, "price": 230113.00001, "tid": 13067180, "type": "sell"}
{"amount": 0.00420291, "date": 1644917133, "price": 230113, "tid": 13067181, "type": "sell"}
{"amount": 0.00010844, "date": 1644917160, "price": 230534.77415998, "tid": 13067182, "type": "buy"}
{"amount": 8.863e-05, "date": 1644917187, "price": 230096, "tid": 13067183, "type": "sell"}
{"amount": 9.509e-05, "date": 1644917280, "price": 230096.00001, "tid": 13067184, "type": "sell"}
{"amount": 0.003407, "date": 1644917317, "price": 230531.18514616, "tid": 13067185, "type": "buy"}
{"amount": 3.491e-05, "date": 1644917338, "price": 230096.00001, "tid": 13067186, "type": "sell"}
{"amount": 0.00041153, "date": 1644917338, "price": 230096, "tid": 13067187, "type": "sell"}
{"amount": 9.668e-05, "date": 1644917351, "price": 230530.42383999, "tid": 13067188, "type": "buy"}
{"amount": 4.35e-06, "date": 1644917377, "price": 230096.00001, "tid": 13067189, "type": "sell"}
{"amount": 0.00107799, "date": 1644917383, "price": 230529.71693562, "tid": 13067190, "type": "buy"}
{"amount": 0.01157, "date": 1644917408, "price": 230529.17305999, "tid": 13067191, "type": "buy"}
{"amount": 0.00682527, "date": 1644917448, "price": 230528.30298, "tid": 13067192, "type": "buy"}
{"amount": 0.0001379, "date": 1644917450, "price": 230528.24863125, "tid": 13067193, "type": "buy"}
{"amount": 0.00020904, "date": 1644917451, "price": 230528.2486, "tid": 13067194, "type": "buy"}
{"amount": 6.565e-05, "date": 1644917466, "price": 230096.00001, "tid": 13067195, "type": "sell"}
{"amount": 0.0162, "date": 1644917466, "price": 230096.00000001, "tid": 13067196, "type": "sell"}
{"amount": 0.00525745, "date": 1644917466, "price": 230096, "tid": 13067197, "type": "sell"}
{"amount": 0.00185075, "date": 1644917466, "price": 230069.01, "tid": 13067198, "type": "sell"}
{"amount": 0.00021689, "date": 1644917468, "price": 230527.81364199, "tid": 13067199, "type": "buy"}
{"amount": 5e-05, "date": 1644917479, "price": 230069.01003001, "tid": 13067200, "type": "sell"}
{"amount": 4.184e-05, "date": 1644917479, "price": 230069.01003, "tid": 13067201, "type": "sell"}
{"amount": 0.00097784, "date": 1644917499, "price": 230527.21549797, "tid": 13067202, "type": "buy"}
{"amount": 0.001, "date": 1644917503, "price": 230069.01003001, "tid": 13067203, "type": "sell"}
{"amount": 0.00700299, "date": 1644917503, "price": 230069.01003, "tid": 13067204, "type": "sell"}
{"amount": 0.00032251, "date": 1644917503, "price": 230069.01, "tid": 13067205, "type": "sell"}
{"amount": 0.00033807, "date": 1644917503, "price": 230069.01, "tid": 13067206, "type": "sell"}
{"amount": 0.00222615, "date": 1644917503, "price": 230069.01, "tid": 13067207, "type": "sell"}
{"amount": 0.00044, "date": 1644917503, "price": 230069, "tid": 13067208, "type": "sell"}
{"amount": 0.01517701, "date": 1644917503, "price": 229902, "tid": 13067209, "type": "sell"}
{"amount": 0.00010927, "date": 1644917518, "price": 230526.83484035, "tid": 13067210, "type": "buy"}
{"amount": 7e-05, "date": 1644917536, "price": 229929.00001, "tid": 13067211, "type": "sell"}
{"amount": 1.858e-05, "date": 1644917536, "price": 229929, "tid": 13067212, "type": "sell"}
{"amount": 4e-05, "date": 1644917612, "price": 229961.00001, "tid": 13067213, "type": "sell"}
{"amount": 0.00439462, "date": 1644917612, "price": 229961, "tid": 13067214, "type": "sell"}
{"amount": 2e-05, "date": 1644917672, "price": 229964.00001, "tid": 13067215, "type": "sell"}
{"amount": 6.821e-05, "date": 1644917672, "price": 229964, "tid": 13067216, "type": "sell"}
{"amount": 0.00433795, "date": 1644917704, "price": 230523.408232, "tid": 13067217, "type": "buy"}
{"amount": 9.444e-05, "date": 1644917790, "price": 229964, "tid": 13067218, "type": "sell"}
{"amount": 2.509e-05, "date": 1644917790, "price": 229955.00000001, "tid": 13067219, "type": "sell"}
{"amount": 0.00147491, "date": 1644917805, "price": 230521.72221034, "tid": 13067220, "type": "buy"}
{"amount": 6.38e-06, "date": 1644917854, "price": 229955.05329181, "tid": 13067221, "type": "sell"}
{"amount": 0.00089683, "date": 1644917866, "price": 230520.7974702, "tid": 13067222, "type": "buy"}
{"amount": 0.00018563, "date": 1644917867, "price": 229955.31975081, "tid": 13067223, "type": "sell"}
{"amount": 0.00021635, "date": 1644917886, "price": 229955.69279341, "tid": 13067224, "type": "sell"}
{"amount": 0.00216901, "date": 1644917940, "price": 230519.43772, "tid": 13067225, "type": "buy"}
{"amount": 0.0006, "date": 1644918010, "price": 230094.05329181, "tid": 13067226, "type": "sell"}
{"amount": 0.0028638, "date": 1644918010, "price": 230094.0532918, "tid": 13067227, "type": "sell"}
{"amount": 7.214e-05, "date": 1644918018, "price": 230518.13232, "tid": 13067228, "type": "buy"}
{"amount": 0.0002169, "date": 1644918043, "price": 230517.6972153, "tid": 13067229, "type": "buy"}
{"amount": 0.0006, "date": 1644918071, "price": 230094.53291801, "tid": 13067230, "type": "sell"}
{"amount": 0.00401301, "date": 1644918071, "price": 230094.532918, "tid": 13067231, "type": "sell"}
{"amount": 0.00535679, "date": 1644918088, "price": 230094.8526688, "tid": 13067232, "type": "sell"}
{"amount": 0.00065071, "date": 1644918109, "price": 230516.7182504, "tid": 13067233, "type": "buy"}
{"amount": 0.0004338, "date": 1644918116, "price": 230516.55502, "tid": 13067234, "type": "buy"}
{"amount": 2.997e-05, "date": 1644918156, "price": 230094.58620981, "tid": 13067235, "type": "sell"}
{"amount": 0.00056538, "date": 1644918167, "price": 230515.95646, "tid": 13067236, "type": "buy"}
{"amount": 0.0002409, "date": 1644918168, "price": 230094.79937701, "tid": 13067237, "type": "sell"}
{"amount": 1.77e-05, "date": 1644918207, "price": 230095.5455054, "tid": 13067238, "type": "sell"}
{"amount": 0.0002409, "date": 1644918223, "price": 230095.81196441, "tid": 13067239, "type": "sell"}
{"amount": 0.00047691, "date": 1644918309, "price": 230237.2131672, "tid": 13067240, "type": "sell"}
{"amount": 0.0041085, "date": 1644918361, "price": 230518.9948151, "tid": 13067241, "type": "buy"}
{"amount": 0.00022953, "date": 1644918361, "price": 230518.9948251, "tid": 13067242, "type": "buy"}
{"amount": 0.00044598, "date": 1644918392, "price": 230519.43, "tid": 13067243, "type": "buy"}
{"amount": 2.521e-05, "date": 1644918392, "price": 230520.4719, "tid": 13067244, "type": "buy"}
{"amount": 0.0030366, "date": 1644918439, "price": 230520.4719, "tid": 13067245, "type": "buy"}
{"amount": 0.01796377, "date": 1644918440, "price": 230520.4719, "tid": 13067246, "type": "buy"}
{"amount": 0.0012306, "date": 1644918440, "price": 230525.9, "tid": 13067247, "type": "buy"}
{"amount": 7.3e-05, "date": 1644918440, "price": 230527.16, "tid": 13067248, "type": "buy"}
{"amount": 0.01, "date": 1644918440, "price": 230527.92, "tid": 13067249, "type": "buy"}
{"amount": 0.00021807, "date": 1644918440, "price": 230536.56, "tid": 13067250, "type": "buy"}
{"amount": 0.00151494, "date": 1644918440, "price": 230550, "tid": 13067251, "type": "buy"}
{"amount": 0.00025998, "date": 1644918440, "price": 230550, "tid": 13067252, "type": "buy"}
{"amount": 0.00596854, "date": 1644918469, "price": 230549.99996, "tid": 13067253, "type": "buy"}
{"amount": 0.00270636, "date": 1644918469, "price": 230550, "tid": 13067254, "type": "buy"}
{"amount": 0.00644223, "date": 1644918472, "price": 230550, "tid": 13067255, "type": "buy"}
{"amount": 0.0016959, "date": 1644918482, "price": 230550, "tid": 13067256, "type": "buy"}
{"amount": 0.03101453, "date": 1644918490, "price": 230550, "tid": 13067257, "type": "buy"}
{"amount": 7e-05, "date": 1644918500, "price": 230549.99, "tid": 13067258, "type": "buy"}
{"amount": 0.00343019, "date": 1644918500, "price": 230550, "tid": 13067259, "type": "buy"}
{"amount": 0.00063656, "date": 1644918510, "price": 230241.21006221, "tid": 13067260, "type": "sell"}
{"amount": 0.00034207, "date": 1644918550, "price": 230425.1598754, "tid": 13067261, "type": "sell"}
{"amount": 1.383e-05, "date": 1644918602, "price": 230550, "tid": 13067262, "type": "buy"}
{"amount": 0.0002029, "date": 1644918620, "price": 230550, "tid": 13067263, "type": "buy"}
{"amount": 8.128e-05, "date": 1644918637, "price": 230550, "tid": 13067264, "type": "buy"}
{"amount": 0.00023109, "date": 1644918649, "price": 230550, "tid": 13067265, "type": "buy"}
{"amount": 0.08000322, "date": 1644918698, "price": 230550, "tid": 13067266, "type": "buy"}
{"amount": 0.00016771, "date": 1644918703, "price": 230428.5172588, "tid": 13067267, "type": "sell"}
{"amount": 0.02004, "date": 1644918714, "price": 230550, "tid": 13067268, "type": "buy"}
{"amount": 0.00012578, "date": 1644918724, "price": 230429.0501768, "tid": 13067269, "type": "sell"}
{"amount": 0.00021427, "date": 1644918734, "price": 230550, "tid": 13067270, "type": "buy"}
{"amount": 0.00011224, "date": 1644918739, "price": 230429.3166358, "tid": 13067271, "type": "sell"}
{"amount": 0.00050691, "date": 1644918788, "price": 230430.3826172, "tid": 13067272, "type": "sell"}
{"amount": 0.01734981, "date": 1644918815, "price": 230549.98999999, "tid": 13067273, "type": "buy"}
{"amount": 0.0267863, "date": 1644918853, "price": 230431.76843, "tid": 13067274, "type": "sell"}
{"amount": 0.00022954, "date": 1644918928, "price": 230545.98, "tid": 13067275, "type": "buy"}
{"amount": 0.00038673, "date": 1644919005, "price": 230545.98, "tid": 13067276, "type": "buy"}
{"amount": 0.00260123, "date": 1644919038, "price": 230435.76540781, "tid": 13067277, "type": "sell"}
{"amount": 6.305e-05, "date": 1644919048, "price": 230435.92528322, "tid": 13067278, "type": "sell"}
{"amount": 0.0174, "date": 1644919058, "price": 230436.13845042, "tid": 13067279, "type": "sell"}
{"amount": 0.03539, "date": 1644919058, "price": 230436.13845041, "tid": 13067280, "type": "sell"}
{"amount": 0.02, "date": 1644919058, "price": 230433.68707, "tid": 13067281, "type": "sell"}
{"amount": 0.0045, "date": 1644919058, "price": 230432.94, "tid": 13067282, "type": "sell"}
{"amount": 0.01118057, "date": 1644919058, "price": 230425, "tid": 13067283, "type": "sell"}
{"amount": 4.51e-06, "date": 1644919084, "price": 230545.98, "tid": 13067284, "type": "buy"}
{"amount": 0.00601752, "date": 1644919115, "price": 230519.1193554, "tid": 13067285, "type": "sell"}
{"amount": 0.00080922, "date": 1644919124, "price": 230545.98, "tid": 13067286, "type": "buy"}
{"amount": 0.00214928, "date": 1644919124, "price": 230550, "tid": 13067287, "type": "buy"}
{"amount": 0.00096904, "date": 1644919124, "price": 230550, "tid": 13067288, "type": "buy"}
{"amount": 0.00023224, "date": 1644919124, "price": 230550, "tid": 13067289, "type": "buy"}
{"amount": 0.00017757, "date": 1644919124, "price": 230690.73999999, "tid": 13067290, "type": "buy"}
{"amount": 0.00096515, "date": 1644919187, "price": 230520.6649042, "tid": 13067291, "type": "sell"}
{"amount": 4.334e-05, "date": 1644919198, "price": 230690.73, "tid": 13067292, "type": "buy"}
{"amount": 5.052e-05, "date": 1644919199, "price": 230520.87812, "tid": 13067293, "type": "sell"}
{"amount": 0.00045708, "date": 1644919214, "price": 230521.14462, "tid": 13067294, "type": "sell"}
{"amount": 0.00045, "date": 1644919240, "price": 230521.7308708, "tid": 13067295, "type": "sell"}
{"amount": 0.0002, "date": 1644919259, "price": 230522.1572518, "tid": 13067296, "type": "sell"}
{"amount": 0.00436382, "date": 1644919280, "price": 230522.53038, "tid": 13067297, "type": "sell"}
{"amount": 0.002, "date": 1644919280, "price": 230522.5836718, "tid": 13067298, "type": "sell"}
{"amount": 2e-05, "date": 1644919316, "price": 230690, "tid": 13067299, "type": "buy"}
{"amount": 0.00040526, "date": 1644919316, "price": 230690.73, "tid": 13067300, "type": "buy"}
{"amount": 0.000355, "date": 1644919316, "price": 230690.73999999, "tid": 13067301, "type": "buy"}
{"amount": 0.002, "date": 1644919321, "price": 230523.4363406, "tid": 13067302, "type": "sell"}
{"amount": 5.18e-05, "date": 1644919357, "price": 230690.74, "tid": 13067303, "type": "buy"}
{"amount": 4.82e-05, "date": 1644919366, "price": 230690.74, "tid": 13067304, "type": "buy"}
{"amount": 0.00035085, "date": 1644919366, "price": 230692.96999999, "tid": 13067305, "type": "buy"}
{"amount": 0.02186, "date": 1644919402, "price": 230525.0351372, "tid": 13067306, "type": "sell"}
{"amount": 0.00446045, "date": 1644919402, "price": 230522.05004, "tid": 13067307, "type": "sell"}
{"amount": 0.0002, "date": 1644919413, "price": 230525.3015962, "tid": 13067308, "type": "sell"}
{"amount": 0.015, "date": 1644919415, "price": 230525.3015962, "tid": 13067309, "type": "sell"}
{"amount": 9.97e-05, "date": 1644919418, "price": 230690.74, "tid": 13067310, "type": "buy"}
{"amount": 0.0434, "date": 1644919418, "price": 230692.96999999, "tid": 13067311, "type": "buy"}
{"amount": 0.00482111, "date": 1644919418, "price": 230692.97, "tid": 13067312, "type": "buy"}
{"amount": 0.022, "date": 1644919418, "price": 230693.29, "tid": 13067313, "type": "buy"}
{"amount": 0.00555871, "date": 1644919418, "price": 230693.95, "tid": 13067314, "type": "buy"}
{"amount": 0.00023255, "date": 1644919418, "price": 230695.15, "tid": 13067315, "type": "buy"}
{"amount": 0.00098433, "date": 1644919418, "price": 230699.94, "tid": 13067316, "type": "buy"}
{"amount": 0.00146327, "date": 1644919418, "price": 230800, "tid": 13067317, "type": "buy"}
{"amount": 0.01964681, "date": 1644919418, "price": 230850, "tid": 13067318, "type": "buy"}
{"amount": 0.06629352, "date": 1644919418, "price": 230999.456251, "tid": 13067319, "type": "buy"}
{"amount": 0.00025, "date": 1644919435, "price": 230647.2131772, "tid": 13067320, "type": "sell"}
{"amount": 8.685e-05, "date": 1644919435, "price": 230647.2131672, "tid": 13067321, "type": "sell"}
{"amount": 8.661e-05, "date": 1644919444, "price": 230899.99999, "tid": 13067322, "type": "buy"}
{"amount": 0.00013, "date": 1644919499, "price": 230647.2131772, "tid": 13067323, "type": "sell"}
{"amount": 7e-05, "date": 1644919505, "price": 230600, "tid": 13067324, "type": "buy"}
{"amount": 0.0002, "date": 1644919505, "price": 230800, "tid": 13067325, "type": "buy"}
{"amount": 0.03995431, "date": 1644919505, "price": 230899.99999999, "tid": 13067326, "type": "buy"}
{"amount": 0.00066, "date": 1644919512, "price": 230522.05001, "tid": 13067327, "type": "sell"}
{"amount": 6.506e-05, "date": 1644919512, "price": 230522.05, "tid": 13067328, "type": "sell"}
{"amount": 2e-05, "date": 1644919512, "price": 230520.39, "tid": 13067329, "type": "sell"}
{"amount": 0.03026, "date": 1644919512, "price": 230503.0532918, "tid": 13067330, "type": "sell"}
{"amount": 0.0119264, "date": 1644919512, "price": 230503, "tid": 13067331, "type": "sell"}
{"amount": 0.0002, "date": 1644919515, "price": 230503.1598754, "tid": 13067332, "type": "sell"}
{"amount": 0.00162407, "date": 1644919519, "price": 230899.99995998, "tid": 13067333, "type": "buy"}
{"amount": 0.00033, "date": 1644919539, "price": 230503.2131772, "tid": 13067334, "type": "sell"}
{"amount": 0.00059806, "date": 1644919539, "price": 230500.00001, "tid": 13067335, "type": "sell"}
{"amount": 0.014, "date": 1644919547, "price": 230889.99988998, "tid": 13067336, "type": "buy"}
{"amount": 0.00128301, "date": 1644919547, "price": 230889.99988999, "tid": 13067337, "type": "buy"}
{"amount": 0.00059776, "date": 1644919547, "price": 230889.9999, "tid": 13067338, "type": "buy"}
{"amount": 0.0002, "date": 1644919547, "price": 230890, "tid": 13067339, "type": "buy"}
{"amount": 0.0002, "date": 1644919547, "price": 230900, "tid": 13067340, "type": "buy"}
{"amount": 0.00045593, "date": 1644919547, "price": 230999.99994, "tid": 13067341, "type": "buy"}
{"amount": 0.00012468, "date": 1644919547, "price": 231000, "tid": 13067342, "type": "buy"}
{"amount": 0.00203034, "date": 1644919547, "price": 231000, "tid": 13067343, "type": "buy"}
{"amount": 0.00061277, "date": 1644919547, "price": 231000, "tid": 13067344, "type": "buy"}
{"amount": 0.00015151, "date": 1644919552, "price": 230999.9455651, "tid": 13067345, "type": "buy"}
{"amount": 8e-05, "date": 1644919570, "price": 230500.00001, "tid": 13067346, "type": "sell"}
{"amount": 0.00035166, "date": 1644919570, "price": 230500, "tid": 13067347, "type": "sell"}
{"amount": 6.499e-05, "date": 1644919612, "price": 230799.99999, "tid": 13067348, "type": "buy"}
{"amount": 0.00041, "date": 1644919618, "price": 230500.15990545, "tid": 13067349, "type": "sell"}
{"amount": 0.00186134, "date": 1644919618, "price": 230500, "tid": 13067350, "type": "sell"}
{"amount": 0.00055313, "date": 1644919618, "price": 230457.05329182, "tid": 13067351, "type": "sell"}
{"amount": 0.00021, "date": 1644919624, "price": 230457.15988544, "tid": 13067352, "type": "sell"}
{"amount": 0.0434, "date": 1644919624, "price": 230457.15987544, "tid": 13067353, "type": "sell"}
{"amount": 0.02154, "date": 1644919624, "price": 230457.15987543, "tid": 13067354, "type": "sell"}
{"amount": 0.01514608, "date": 1644919624, "price": 230457, "tid": 13067355, "type": "sell"}
{"amount": 0.00025146, "date": 1644919707, "price": 230464.5987543, "tid": 13067356, "type": "sell"}
{"amount": 2e-05, "date": 1644919744, "price": 230600, "tid": 13067357, "type": "buy"}
{"amount": 0.00041408, "date": 1644919744, "price": 230600, "tid": 13067358, "type": "buy"}
{"amount": 2e-05, "date": 1644919776, "price": 230500, "tid": 13067359, "type": "buy"}
{"amount": 0.00084731, "date": 1644919776, "price": 230599.99999999, "tid": 13067360, "type": "buy"}
{"amount": 2e-05, "date": 1644919795, "price": 230463, "tid": 13067361, "type": "sell"}
{"amount": 0.00065044, "date": 1644919811, "price": 230412.15987541, "tid": 13067362, "type": "sell"}
{"amount": 0.00434, "date": 1644919855, "price": 230600, "tid": 13067363, "type": "buy"}
{"amount": 0.00016023, "date": 1644919873, "price": 230413.43887884, "tid": 13067364, "type": "sell"}
{"amount": 0.00191516, "date": 1644919904, "price": 230600, "tid": 13067365, "type": "buy"}
{"amount": 0.00036308, "date": 1644919904, "price": 230600, "tid": 13067366, "type": "buy"}
{"amount": 2e-05, "date": 1644919904, "price": 230700, "tid": 13067367, "type": "buy"}
{"amount": 0.00373432, "date": 1644919904, "price": 230799.99994, "tid": 13067368, "type": "buy"}
{"amount": 2e-05, "date": 1644919904, "price": 230800, "tid": 13067369, "type": "buy"}
{"amount": 0.00270053, "date": 1644919904, "price": 230890, "tid": 13067370, "type": "buy"}
{"amount": 0.01534, "date": 1644919914, "price": 230414.3448396, "tid": 13067371, "type": "sell"}
{"amount": 0.00868, "date": 1644919914, "price": 230414.29156, "tid": 13067372, "type": "sell"}
{"amount": 0.01534, "date": 1644919914, "price": 230414.29154779, "tid": 13067373, "type": "sell"}
{"amount": 0.00074225, "date": 1644919914, "price": 230412, "tid": 13067374, "type": "sell"}
{"amount": 0.00024362, "date": 1644919951, "price": 230889.34699999, "tid": 13067375, "type": "buy"}
{"amount": 6.888e-05, "date": 1644919963, "price": 230498.37305266, "tid": 13067376, "type": "sell"}
{"amount": 0.00021655, "date": 1644919969, "price": 230889.07488, "tid": 13067377, "type": "buy"}
{"amount": 0.00389796, "date": 1644919973, "price": 230889.02050999, "tid": 13067378, "type": "buy"}
{"amount": 0.00324831, "date": 1644919983, "price": 230888.85726509, "tid": 13067379, "type": "buy"}
{"amount": 7e-05, "date": 1644919992, "price": 230498.74609533, "tid": 13067380, "type": "sell"}
{"amount": 8.785e-05, "date": 1644919997, "price": 230498.63, "tid": 13067381, "type": "buy"}
{"amount": 0.00034065, "date": 1644919998, "price": 230498.63, "tid": 13067382, "type": "buy"}
{"amount": 0.00074269, "date": 1644919998, "price": 230889.99987999, "tid": 13067383, "type": "buy"}
{"amount": 0.00683013, "date": 1644919999, "price": 230889.99981999, "tid": 13067384, "type": "buy"}
{"amount": 3e-05, "date": 1644920040, "price": 230498.0533018, "tid": 13067385, "type": "sell"}
{"amount": 0.00018947, "date": 1644920040, "price": 230498.05329181, "tid": 13067386, "type": "sell"}
{"amount": 2e-05, "date": 1644920073, "price": 230498.05330181, "tid": 13067387, "type": "sell"}
{"amount": 6.511e-05, "date": 1644920073, "price": 230498.05, "tid": 13067388, "type": "sell"}
{"amount": 0.00163664, "date": 1644920073, "price": 230498, "tid": 13067389, "type": "sell"}
{"amount": 0.00023718, "date": 1644920130, "price": 230507, "tid": 13067390, "type": "sell"}
{"amount": 0.0011, "date": 1644920135, "price": 230538, "tid": 13067391, "type": "sell"}
{"amount": 0.000223, "date": 1644920154, "price": 230500.00000001, "tid": 13067392, "type": "sell"}
{"amount": 0.0434, "date": 1644920176, "price": 230500.00000001, "tid": 13067393, "type": "sell"}
{"amount": 0.06616502, "date": 1644920176, "price": 230500, "tid": 13067394, "type": "sell"}
{"amount": 0.00024362, "date": 1644920221, "price": 230888.20322, "tid": 13067395, "type": "buy"}
{"amount": 0.00072026, "date": 1644920259, "price": 230888.20321, "tid": 13067396, "type": "buy"}
{"amount": 0.00010339, "date": 1644920259, "price": 230888.20321, "tid": 13067397, "type": "buy"}
{"amount": 0.0082155, "date": 1644920259, "price": 230888.20322, "tid": 13067398, "type": "buy"}
{"amount": 0.00451118, "date": 1644920259, "price": 230890, "tid": 13067399, "type": "buy"}
{"amount": 0.00882112, "date": 1644920259, "price": 230999.99994, "tid": 13067400, "type": "buy"}
{"amount": 0.0001069, "date": 1644920265, "price": 230563.38563353, "tid": 13067401, "type": "sell"}
{"amount": 0.00010556, "date": 1644920359, "price": 230565.19755507, "tid": 13067402, "type": "sell"}
{"amount": 7.675e-05, "date": 1644920367, "price": 230888.2, "tid": 13067403, "type": "buy"}
{"amount": 0.00033315, "date": 1644920367, "price": 230999.99994, "tid": 13067404, "type": "buy"}
{"amount": 1.785e-05, "date": 1644920391, "price": 230565.83705678, "tid": 13067405, "type": "sell"}
{"amount": 0.00144674, "date": 1644920393, "price": 231000, "tid": 13067406, "type": "buy"}
{"amount": 0.00249261, "date": 1644920393, "price": 231000, "tid": 13067407, "type": "buy"}
{"amount": 0.00074281, "date": 1644920402, "price": 231000, "tid": 13067408, "type": "buy"}
{"amount": 0.0021645, "date": 1644920403, "price": 231000, "tid": 13067409, "type": "buy"}
{"amount": 0.011, "date": 1644920434, "price": 230999.99, "tid": 13067410, "type": "buy"}
{"amount": 0.02464232, "date": 1644920434, "price": 231000, "tid": 13067411, "type": "buy"}
{"amount": 0.00746177, "date": 1644920436, "price": 231000, "tid": 13067412, "type": "buy"}
{"amount": 0.00022262, "date": 1644920490, "price": 230797.27905345, "tid": 13067413, "type": "sell"}
{"amount": 1.991e-05, "date": 1644920512, "price": 231000, "tid": 13067414, "type": "buy"}
{"amount": 0.00171773, "date": 1644920536, "price": 231000, "tid": 13067415, "type": "buy"}
{"amount": 0.00179058, "date": 1644920536, "price": 231000, "tid": 13067416, "type": "buy"}
{"amount": 0.00131, "date": 1644920536, "price": 231000.09, "tid": 13067417, "type": "buy"}
{"amount": 2.359e-05, "date": 1644920536, "price": 231100, "tid": 13067418, "type": "buy"}
{"amount": 0.0038081, "date": 1644920536, "price": 231249.99999999, "tid": 13067419, "type": "buy"}
{"amount": 0.00012467, "date": 1644920544, "price": 231250, "tid": 13067420, "type": "buy"}
{"amount": 4.776e-05, "date": 1644920544, "price": 231349.99975999, "tid": 13067421, "type": "buy"}
{"amount": 0.00044089, "date": 1644920606, "price": 231349.99975999, "tid": 13067422, "type": "buy"}
{"amount": 0.00059355, "date": 1644920661, "price": 231349.99, "tid": 13067423, "type": "sell"}
{"amount": 0.00145078, "date": 1644920672, "price": 231349.99, "tid": 13067424, "type": "sell"}
{"amount": 0.0004, "date": 1644920687, "price": 231349.99, "tid": 13067425, "type": "sell"}
{"amount": 0.00021147, "date": 1644920689, "price": 231350, "tid": 13067426, "type": "buy"}
{"amount": 5.08e-06, "date": 1644920689, "price": 231499.7824404, "tid": 13067427, "type": "buy"}
{"amount": 0.00086449, "date": 1644920703, "price": 231349.99922, "tid": 13067428, "type": "buy"}
{"amount": 0.00107753, "date": 1644920719, "price": 231499.89095509, "tid": 13067429, "type": "buy"}
{"amount": 0.00253543, "date": 1644920741, "price": 231350.3097508, "tid": 13067430, "type": "sell"}
{"amount": 0.00021598, "date": 1644920746, "price": 231499.89011999, "tid": 13067431, "type": "buy"}
{"amount": 0.00086937, "date": 1644920749, "price": 231499.83568509, "tid": 13067432, "type": "buy"}
{"amount": 0.01295, "date": 1644920752, "price": 231499.83557, "tid": 13067433, "type": "buy"}
{"amount": 1.978e-05, "date": 1644920760, "price": 231350.0965836, "tid": 13067434, "type": "sell"}
{"amount": 0.00187812, "date": 1644920819, "price": 231349.99, "tid": 13067435, "type": "sell"}
{"amount": 0.00212188, "date": 1644920819, "price": 231349.99, "tid": 13067436, "type": "sell"}
{"amount": 0.00738566, "date": 1644920822, "price": 231349.99, "tid": 13067437, "type": "sell"}
{"amount": 0.00312476, "date": 1644920822, "price": 231087.3197508, "tid": 13067438, "type": "sell"}
{"amount": 0.00086393, "date": 1644920832, "price": 231499.56419999, "tid": 13067439, "type": "buy"}
{"amount": 0.00287633, "date": 1644920860, "price": 231499.29191019, "tid": 13067440, "type": "buy"}
{"amount": 0.00488, "date": 1644920873, "price": 231088.33234072, "tid": 13067441, "type": "sell"}
{"amount": 0.0007454, "date": 1644920873, "price": 231088.27905892, "tid": 13067442, "type": "sell"}
{"amount": 0.00107992, "date": 1644920972, "price": 231498.57861019, "tid": 13067443, "type": "buy"}
{"amount": 0.00086393, "date": 1644920985, "price": 231499.22999999, "tid": 13067444, "type": "buy"}
{"amount": 0.009159, "date": 1644920994, "price": 231100.05329182, "tid": 13067445, "type": "sell"}
{"amount": 0.00176217, "date": 1644921010, "price": 231100.37304268, "tid": 13067446, "type": "sell"}
{"amount": 0.0036602, "date": 1644921021, "price": 231100.63950173, "tid": 13067447, "type": "sell"}
{"amount": 0.00185896, "date": 1644921022, "price": 231499.22995, "tid": 13067448, "type": "buy"}
{"amount": 0.00334803, "date": 1644921028, "price": 231100.74608535, "tid": 13067449, "type": "sell"}
{"amount": 0.004, "date": 1644921050, "price": 231300.26645906, "tid": 13067450, "type": "sell"}
{"amount": 0.00215983, "date": 1644921076, "price": 231499.22995, "tid": 13067451, "type": "buy"}
{"amount": 0.00211229, "date": 1644921081, "price": 231300.90596078, "tid": 13067452, "type": "sell"}
{"amount": 3e-05, "date": 1644921091, "price": 231284, "tid": 13067453, "type": "sell"}
{"amount": 0.0002205, "date": 1644921113, "price": 231410, "tid": 13067454, "type": "sell"}
{"amount": 0.00254961, "date": 1644921116, "price": 231410, "tid": 13067455, "type": "sell"}
{"amount": 0.0432, "date": 1644921117, "price": 231499.22993999, "tid": 13067456, "type": "buy"}
{"amount": 0.08523904, "date": 1644921117, "price": 231499.22994, "tid": 13067457, "type": "buy"}
{"amount": 0.00288184, "date": 1644921166, "price": 231499.22, "tid": 13067458, "type": "sell"}
{"amount": 0.00021864, "date": 1644921179, "price": 231499.22, "tid": 13067459, "type": "sell"}
{"amount": 0.00093485, "date": 1644921182, "price": 231499.23, "tid": 13067460, "type": "buy"}
{"amount": 0.00225, "date": 1644921182, "price": 231499.83, "tid": 13067461, "type": "buy"}
{"amount": 0.00012466, "date": 1644921182, "price": 231500, "tid": 13067462, "type": "buy"}
{"amount": 0.00033182, "date": 1644921182, "price": 231500, "tid": 13067463, "type": "buy"}
{"amount": 0.02896285, "date": 1644921182, "price": 231500, "tid": 13067464, "type": "buy"}
{"amount": 0.0179568, "date": 1644921182, "price": 231500, "tid": 13067465, "type": "buy"}
{"amount": 0.01017087, "date": 1644921182, "price": 231500, "tid": 13067466, "type": "buy"}
{"amount": 0.000465, "date": 1644921182, "price": 231520, "tid": 13067467, "type": "buy"}
{"amount": 0.00080837, "date": 1644921182, "price": 231550, "tid": 13067468, "type": "buy"}
{"amount": 0.0119693, "date": 1644921182, "price": 231748.96687689, "tid": 13067469, "type": "buy"}
{"amount": 0.00037781, "date": 1644921193, "price": 231499.22001, "tid": 13067470, "type": "sell"}
{"amount": 0.00011098, "date": 1644921210, "price": 231499.22001, "tid": 13067471, "type": "sell"}
{"amount": 0.00021598, "date": 1644921214, "price": 231499.22995, "tid": 13067472, "type": "buy"}
{"amount": 0.01079917, "date": 1644921215, "price": 231499.22995, "tid": 13067473, "type": "buy"}
{"amount": 0.00032242, "date": 1644921239, "price": 231499.22995, "tid": 13067474, "type": "buy"}
{"amount": 1.058e-05, "date": 1644921242, "price": 231499.22995, "tid": 13067475, "type": "buy"}
{"amount": 0.00656144, "date": 1644921244, "price": 231499.22995, "tid": 13067476, "type": "buy"}
{"amount": 0.00076121, "date": 1644921257, "price": 231499.22001, "tid": 13067477, "type": "sell"}
{"amount": 0.00223879, "date": 1644921257, "price": 231499.22, "tid": 13067478, "type": "sell"}
{"amount": 0.003, "date": 1644921281, "price": 231499.23, "tid": 13067479, "type": "buy"}
{"amount": 0.00023622, "date": 1644921281, "price": 231500, "tid": 13067480, "type": "buy"}
{"amount": 0.0306, "date": 1644921281, "price": 231749.99993999, "tid": 13067481, "type": "buy"}
{"amount": 0.00012466, "date": 1644921281, "price": 231750, "tid": 13067482, "type": "buy"}
{"amount": 0.00091214, "date": 1644921281, "price": 231794.87, "tid": 13067483, "type": "buy"}
{"amount": 0.0004301, "date": 1644921281, "price": 231839, "tid": 13067484, "type": "buy"}
{"amount": 4.58e-05, "date": 1644921281, "price": 231850, "tid": 13067485, "type": "buy"}
{"amount": 0.09008, "date": 1644921281, "price": 231996.6406275, "tid": 13067486, "type": "buy"}
{"amount": 0.30853787, "date": 1644921281, "price": 231998, "tid": 13067487, "type": "buy"}
{"amount": 0.13, "date": 1644921281, "price": 232000, "tid": 13067488, "type": "buy"}
{"amount": 0.00012466, "date": 1644921281, "price": 232000, "tid": 13067489, "type": "buy"}
{"amount": 1.994e-05, "date": 1644921281, "price": 232000, "tid": 13067490, "type": "buy"}
{"amount": 5.022e-05, "date": 1644921281, "price": 232000, "tid": 13067491, "type": "buy"}
{"amount": 0.001994, "date": 1644921281, "price": 232000, "tid": 13067492, "type": "buy"}
{"amount": 0.00122549, "date": 1644921281, "price": 232000, "tid": 13067493, "type": "buy"}
{"amount": 0.01, "date": 1644921281, "price": 232000, "tid": 13067494, "type": "buy"}
{"amount": 0.0044, "date": 1644921281, "price": 232000, "tid": 13067495, "type": "buy"}
{"amount": 0.00993, "date": 1644921281, "price": 232000, "tid": 13067496, "type": "buy"}
{"amount": 0.00249475, "date": 1644921281, "price": 232000, "tid": 13067497, "type": "buy"}
{"amount": 5.513e-05, "date": 1644921281, "price": 232007, "tid": 13067498, "type": "buy"}
{"amount": 0.02302786, "date": 1644921281, "price": 232232, "tid": 13067499, "type": "buy"}
{"amount": 0.00021846, "date": 1644921317, "price": 231749.99993, "tid": 13067500, "type": "buy"}
{"amount": 0.00177636, "date": 1644921317, "price": 231749.99993, "tid": 13067501, "type": "buy"}
{"amount": 0.00685362, "date": 1644921317, "price": 231749.99994, "tid": 13067502, "type": "buy"}
{"amount": 8.706e-05, "date": 1644921330, "price": 231499.59305267, "tid": 13067503, "type": "sell"}
{"amount": 0.00236292, "date": 1644921367, "price": 232249.99994, "tid": 13067504, "type": "buy"}
{"amount": 0.00348167, "date": 1644921373, "price": 232249.99994, "tid": 13067505, "type": "buy"}
{"amount": 0.00056, "date": 1644921395, "price": 231750.04330181, "tid": 13067506, "type": "sell"}
{"amount": 0.00128863, "date": 1644921395, "price": 231749.99, "tid": 13067507, "type": "sell"}
{"amount": 9e-05, "date": 1644921403, "price": 231749.99001, "tid": 13067508, "type": "sell"}
{"amount": 0.00110662, "date": 1644921403, "price": 231749.99, "tid": 13067509, "type": "sell"}
{"amount": 7.78e-06, "date": 1644921409, "price": 231749.99001, "tid": 13067510, "type": "sell"}
{"amount": 0.00064982, "date": 1644921410, "price": 232249.98999, "tid": 13067511, "type": "buy"}
{"amount": 0.00082609, "date": 1644921410, "price": 232249.99, "tid": 13067512, "type": "buy"}
{"amount": 0.0050673, "date": 1644921411, "price": 232249.99, "tid": 13067513, "type": "sell"}
{"amount": 0.00012466, "date": 1644921411, "price": 232250, "tid": 13067514, "type": "buy"}
{"amount": 0.02446047, "date": 1644921411, "price": 232457.5862526, "tid": 13067515, "type": "buy"}
{"amount": 2.165e-05, "date": 1644921421, "price": 232289, "tid": 13067516, "type": "buy"}
{"amount": 3.311e-05, "date": 1644921455, "price": 232249.9999, "tid": 13067517, "type": "sell"}
{"amount": 5.635e-05, "date": 1644921455, "price": 232249.99, "tid": 13067518, "type": "sell"}
{"amount": 0.00021602, "date": 1644921456, "price": 232384.4018761, "tid": 13067519, "type": "buy"}
{"amount": 0.00105021, "date": 1644921471, "price": 232249.99, "tid": 13067520, "type": "sell"}
{"amount": 2.621e-05, "date": 1644921476, "price": 231499.22002, "tid": 13067521, "type": "sell"}
{"amount": 0.00096448, "date": 1644921485, "price": 232165.7825004, "tid": 13067522, "type": "buy"}
{"amount": 0.00021928, "date": 1644921522, "price": 231499.22008001, "tid": 13067523, "type": "sell"}
{"amount": 4.32e-06, "date": 1644921524, "price": 231499.22008001, "tid": 13067524, "type": "sell"}
{"amount": 0.00239406, "date": 1644921568, "price": 232164.69497, "tid": 13067525, "type": "buy"}
{"amount": 0.04230697, "date": 1644921568, "price": 232165.94557, "tid": 13067526, "type": "buy"}
{"amount": 0.0021956, "date": 1644921568, "price": 232300, "tid": 13067527, "type": "buy"}
{"amount": 0.05679, "date": 1644921568, "price": 232308.4018761, "tid": 13067528, "type": "buy"}
{"amount": 0.05679, "date": 1644921568, "price": 232308.456251, "tid": 13067529, "type": "buy"}
{"amount": 0.07099383, "date": 1644921568, "price": 232309, "tid": 13067530, "type": "buy"}
{"amount": 0.00025753, "date": 1644921577, "price": 232269.8912402, "tid": 13067531, "type": "buy"}
{"amount": 0.0040478, "date": 1644921577, "price": 232269.8912502, "tid": 13067532, "type": "buy"}
{"amount": 0.0215267, "date": 1644921586, "price": 232269.6737506, "tid": 13067533, "type": "buy"}
{"amount": 0.00023159, "date": 1644921610, "price": 232000.00001, "tid": 13067534, "type": "sell"}
{"amount": 0.00043053, "date": 1644921612, "price": 232269.1300016, "tid": 13067535, "type": "buy"}
{"amount": 0.0065, "date": 1644921625, "price": 232268.8581271, "tid": 13067536, "type": "buy"}
{"amount": 0.00010841, "date": 1644921638, "price": 232000.00001, "tid": 13067537, "type": "sell"}
{"amount": 0.00033095, "date": 1644921638, "price": 232000, "tid": 13067538, "type": "sell"}
{"amount": 6.458e-05, "date": 1644921646, "price": 232268.4231179, "tid": 13067539, "type": "buy"}
{"amount": 6.14e-06, "date": 1644921659, "price": 232000.00001, "tid": 13067540, "type": "sell"}
{"amount": 0.00021526, "date": 1644921663, "price": 232268.0425036, "tid": 13067541, "type": "buy"}
{"amount": 0.00085186, "date": 1644921669, "price": 232267.9337538, "tid": 13067542, "type": "buy"}
{"amount": 0.00025894, "date": 1644921681, "price": 232000.00001, "tid": 13067543, "type": "sell"}
{"amount": 0.01443, "date": 1644921689, "price": 232267.4987546, "tid": 13067544, "type": "buy"}
{"amount": 0.00054034, "date": 1644921689, "price": 232267.5531195, "tid": 13067545, "type": "buy"}
{"amount": 0.01443, "date": 1644921689, "price": 232267.5531295, "tid": 13067546, "type": "buy"}
{"amount": 0.10589966, "date": 1644921689, "price": 232270, "tid": 13067547, "type": "buy"}
{"amount": 4.305e-05, "date": 1644921705, "price": 232250.7825004, "tid": 13067548, "type": "buy"}
{"amount": 0.00021515, "date": 1644921721, "price": 232392.7825004, "tid": 13067549, "type": "buy"}
{"amount": 0.00016638, "date": 1644921731, "price": 232000.00006001, "tid": 13067550, "type": "sell"}
{"amount": 0.00175, "date": 1644921739, "price": 232268.85, "tid": 13067551, "type": "sell"}
{"amount": 0.00325, "date": 1644921751, "price": 232268.85, "tid": 13067552, "type": "sell"}
{"amount": 0.0431, "date": 1644921762, "price": 232000.00000001, "tid": 13067553, "type": "sell"}
{"amount": 0.00175, "date": 1644921762, "price": 232000, "tid": 13067554, "type": "sell"}
{"amount": 0.007343, "date": 1644921792, "price": 232001.00004001, "tid": 13067555, "type": "sell"}
{"amount": 0.00430187, "date": 1644921793, "price": 232457.03625089, "tid": 13067556, "type": "buy"}
{"amount": 0.00268536, "date": 1644921805, "price": 232120, "tid": 13067557, "type": "buy"}
{"amount": 0.00043018, "date": 1644921806, "price": 232456.81875125, "tid": 13067558, "type": "buy"}
{"amount": 0.00011461, "date": 1644921830, "price": 232268.85, "tid": 13067559, "type": "sell"}
{"amount": 0.00430188, "date": 1644921840, "price": 232456.11187743, "tid": 13067560, "type": "buy"}
{"amount": 0.00087933, "date": 1644921847, "price": 232268.85000001, "tid": 13067561, "type": "sell"}
{"amount": 0.00836961, "date": 1644921854, "price": 232268.85000001, "tid": 13067562, "type": "sell"}
{"amount": 0.00129055, "date": 1644921863, "price": 232457.30812544, "tid": 13067563, "type": "buy"}
{"amount": 0.00682614, "date": 1644921916, "price": 232456.32937706, "tid": 13067564, "type": "buy"}
{"amount": 0.00215094, "date": 1644921928, "price": 232456.05750251, "tid": 13067565, "type": "buy"}
{"amount": 0.00056234, "date": 1644921935, "price": 232455.89437778, "tid": 13067566, "type": "buy"}
{"amount": 0.0026, "date": 1644921937, "price": 232000.00000001, "tid": 13067567, "type": "sell"}
{"amount": 0.00129056, "date": 1644921938, "price": 232455.84000287, "tid": 13067568, "type": "buy"}
{"amount": 0.00449307, "date": 1644921944, "price": 232455.73125305, "tid": 13067569, "type": "buy"}
{"amount": 0.00107547, "date": 1644921952, "price": 232455.56812833, "tid": 13067570, "type": "buy"}
{"amount": 0.00029345, "date": 1644921960, "price": 232000.00013002, "tid": 13067571, "type": "sell"}
{"amount": 5.196e-05, "date": 1644921968, "price": 232455.29625377, "tid": 13067572, "type": "buy"}
{"amount": 0.00862068, "date": 1644921972, "price": 232000.00020001, "tid": 13067573, "type": "sell"}
{"amount": 0.00010974, "date": 1644921973, "price": 232455.18750395, "tid": 13067574, "type": "buy"}
{"amount": 0.00284227, "date": 1644922013, "price": 232000.00040001, "tid": 13067575, "type": "sell"}
{"amount": 0.00735168, "date": 1644922015, "price": 232000.00040001, "tid": 13067576, "type": "sell"}
{"amount": 8.15e-05, "date": 1644922025, "price": 232000.00046001, "tid": 13067577, "type": "sell"}
{"amount": 0.00083832, "date": 1644922027, "price": 232000.00046001, "tid": 13067578, "type": "sell"}
{"amount": 0.00211976, "date": 1644922030, "price": 232000.00047002, "tid": 13067579, "type": "sell"}
{"amount": 0.0004302, "date": 1644922048, "price": 232444.72812546, "tid": 13067580, "type": "buy"}
{"amount": 0.00044225, "date": 1644922050, "price": 232000.00059001, "tid": 13067581, "type": "sell"}
{"amount": 3.041e-05, "date": 1644922053, "price": 232444.67375054, "tid": 13067582, "type": "buy"}
{"amount": 0.00012228, "date": 1644922070, "price": 232444.29312618, "tid": 13067583, "type": "buy"}
{"amount": 0.02246517, "date": 1644922080, "price": 232000.00075004, "tid": 13067584, "type": "sell"}
{"amount": 0.00043105, "date": 1644922081, "price": 232000.00077001, "tid": 13067585, "type": "sell"}
{"amount": 0.00136785, "date": 1644922081, "price": 232444.02125164, "tid": 13067586, "type": "buy"}
{"amount": 6.41e-06, "date": 1644922101, "price": 232443.58625236, "tid": 13067587, "type": "buy"}
{"amount": 0.00025687, "date": 1644922102, "price": 232443.58625236, "tid": 13067588, "type": "buy"}
{"amount": 0.00215105, "date": 1644922103, "price": 232443.58625236, "tid": 13067589, "type": "buy"}
{"amount": 1.108e-05, "date": 1644922123, "price": 232000.00090001, "tid": 13067590, "type": "sell"}
{"amount": 0.00043018, "date": 1644922129, "price": 232455.44929999, "tid": 13067591, "type": "buy"}
{"amount": 0.0003383, "date": 1644922150, "price": 232454.95992588, "tid": 13067592, "type": "buy"}
{"amount": 0.0001, "date": 1644922157, "price": 232000.00103001, "tid": 13067593, "type": "sell"}
{"amount": 5.751e-05, "date": 1644922167, "price": 232454.63367648, "tid": 13067594, "type": "buy"}
{"amount": 0.00142163, "date": 1644922171, "price": 232000.00103001, "tid": 13067595, "type": "sell"}
{"amount": 0.02150961, "date": 1644922189, "price": 232454.19867722, "tid": 13067596, "type": "buy"}
{"amount": 0.01147837, "date": 1644922200, "price": 232000.00103001, "tid": 13067597, "type": "sell"}
{"amount": 0.00063, "date": 1644922200, "price": 232000.00103001, "tid": 13067598, "type": "sell"}
{"amount": 0.00862068, "date": 1644922200, "price": 232000.00103, "tid": 13067599, "type": "sell"}
{"amount": 0.00086417, "date": 1644922200, "price": 232000, "tid": 13067600, "type": "sell"}
{"amount": 0.00024353, "date": 1644922200, "price": 232000, "tid": 13067601, "type": "sell"}
{"amount": 2.461e-05, "date": 1644922200, "price": 232000, "tid": 13067602, "type": "sell"}
{"amount": 0.00202629, "date": 1644922200, "price": 232000, "tid": 13067603, "type": "sell"}
{"amount": 0.03303385, "date": 1644922200, "price": 231683.9314162, "tid": 13067604, "type": "sell"}
